2831 3637
396 348 546 401 quibus
573 347 755 399 ingeniis
775 353 961 387 oratores
979 346 1149 396 fuerint,
1179 362 1231 387 ex
1250 348 1437 401 ipsorum
1455 348 1595 388 verbis
1615 349 1851 402 perspicere
1876 349 1999 390 nobis
2016 348 2193 389 videm··
2234 348 2241 377 ἶ
2278 376 2281 380 -
2324 338 2416 369 ··'.·
2432 343 2453 358 ’ᾗ
2506 344 2523 373 'j
2558 348 2565 369 ⁵

395 413 494 453 Livi
541 406 759 453 sollertiae
812 418 1034 466 acceptum
1071 412 1246 453 referri.
1335 426 1481 452 verum
1529 418 1757 466 utcumque
1804 414 1850 454 in
1897 414 2108 455 orationes
2153 429 2182 468 p
2210 413 2219 422 ⁶
2233 433 2254 449 ι·
2301 442 2311 449 -
2359 406 2371 415 ’
2512 410 2538 431 ”

393 478 562 518 decadis
590 477 851 530 inquirimus,
882 492 968 518 non
995 478 1178 517 multum
1206 478 1261 518 ad
1288 478 1477 532 ingenia,
1514 491 1662 528 mores,
1694 479 1931 520 doctrinam
1965 479 2228 532 singulorum
2261 483 2436 519 oratoru
2450 502 2468 514 ··

396 543 691 597 perspicienda
709 542 963 597 proficimus
998 542 1112 584 hunc
1129 543 1328 585 iuvenem
1344 544 1474 586 fuisse
1494 559 1546 584 ex
1566 546 1751 587 dictione
1771 550 1960 600 apparet,
1981 545 2101 585 illum
2120 558 2276 596 senem3
2298 544 2482 584 alterum
2526 543 2537 558 '

392 608 610 659 nobilium,
628 609 809 648 alterum
823 608 959 662 plebis
978 613 1248 661 sectatorem;
1271 610 1396 652 modo
1416 612 1611 652 sedatum
1631 617 1674 652 et
1688 612 1976 665 tranquillum,
1992 610 2116 651 modo
2137 624 2275 650 acrem
2295 615 2339 650 et
2357 609 2480 650 vehe-

391 678 578 714 mentem
595 674 897 727 cognoscimus.
939 674 1013 714 sed
1026 674 1096 715 hic
1111 676 1305 723 consistit
1326 678 1512 730 cognitio
1533 693 1613 718 nec
1632 692 1763 732 usque
1783 692 1832 718 eo
1853 676 2057 732 procedit,
2079 682 2128 717 ut
2147 691 2223 730 pro
2243 690 2344 716 vero
2365 675 2479 716 affir-

391 756 507 782 mare
525 741 744 795 possimus,
764 740 892 781 fuisse
911 740 1006 781 illos
1025 745 1212 782 oratores
1230 742 1348 793 taleS,
1369 745 1512 797 quales
1531 744 1678 785 Livius
1706 745 1753 785 in
1768 743 2036 785 contionibus
2056 757 2100 783 se
2119 747 2313 796 gerentes
2338 741 2475 795 fingit,

390 821 469 848 nec
500 812 671 848 tantum
703 807 835 858 valet,
871 812 920 847 ut
963 811 1037 847 aut
1072 807 1296 848 Camillum
1338 823 1467 863 aeque
1510 824 1685 863 gravem
1719 815 1929 850 oratorem
1963 823 2013 849 ac
2046 808 2295 848 bellatorem
2336 821 2476 847 acrem

392 873 522 913 fuisse
550 879 747 928 putemus
776 879 849 914 aut
883 879 931 913 ut
959 873 1177 913 Valerium
1204 875 1430 916 Horatium
1465 877 1657 917 consules
1692 891 1736 916 se
1769 891 1845 929 pro
1879 873 2099 928 aequando
2137 874 2229 914 iure
2268 874 2475 927 plebeque

391 939 658 980 defendenda
691 945 780 981 tam
824 940 994 981 fortiter
1026 940 1327 993 interposuisse
1361 941 1483 981 nobis
1524 941 1863 995 persuadeamus.
1919 955 1998 981 nec
2042 939 2088 980 id
2130 939 2296 980 efficere
2338 939 2476 980 voluit

368 1004 558 1055 -Livius,
603 1018 682 1044 nec
716 1005 752 1044 si
786 1005 1006 1054 voluisset,
1050 1004 1229 1043 nimium
1267 1018 1311 1044 se
1345 1006 1398 1045 ab
1432 1006 1633 1046 historiae
1674 1007 1758 1046 fide
1799 1006 1993 1045 recedere
2034 1005 2329 1058 ignovarisset.
2386 1005 2476 1052 quis

390 1074 533 1109 autem
559 1074 634 1120 est,
665 1071 737 1122 qui
765 1070 975 1110 orationes
1005 1070 1188 1121 aliquem
1217 1069 1373 1110 habere
1406 1070 1553 1124 fingat,
1598 1071 1700 1124 quin
1743 1072 1782 1111 ei
1825 1076 1983 1111 certam
2024 1070 2209 1122 aliquam
2251 1083 2475 1122 personam

392 1134 622 1175 humanam
656 1135 719 1174 ita
753 1134 914 1183 induat,
945 1139 993 1173 ut
1030 1134 1099 1173 vel
1133 1147 1275 1173 senem
1310 1135 1379 1174 vel
1411 1135 1619 1186 iuvenem,
1650 1137 1720 1176 vel
1746 1137 2045 1190 imperatorem
2078 1136 2147 1175 vel
2180 1135 2370 1183 militem,
2407 1135 2476 1173 vel

387 1205 624 1239 senatorem
651 1200 721 1239 vel
747 1199 883 1252 plebis
910 1199 1175 1238 turbatorem
1206 1213 1258 1238 ex
1282 1199 1470 1252 ipsorum
1494 1201 1721 1242 verborum
1750 1200 2085 1241 conformatione
2109 1208 2236 1251 atque
2261 1213 2312 1239 ex
2337 1199 2472 1239 totius

388 1265 590 1305 orationis
618 1270 772 1305 natura
801 1279 850 1304 ac
879 1264 1033 1317 spiritu
1070 1278 1321 1316 cognoscere
1349 1266 1582 1318 possimus?
1637 1266 1745 1306 nihil
1778 1266 1911 1319 igitur
1945 1265 2061 1306 aliud
2102 1264 2206 1305 fecit
2240 1264 2388 1305 Livius
2431 1264 2476 1304 in

386 1329 524 1382 prima
556 1330 726 1384 quidem
759 1329 897 1384 operis
933 1329 1090 1370 decade
1125 1334 1251 1383 atque
1286 1330 1340 1370 ob
1375 1330 1420 1370 id
1453 1331 1604 1386 ipsum,
1650 1331 1762 1385 quod
1803 1335 1927 1371 tanta
1954 1330 2182 1385 prudentia
2210 1334 2253 1369 et
2296 1334 2387 1369 arte
2430 1330 2475 1368 in

386 1394 466 1434 hoc
494 1409 646 1447 genere
675 1401 738 1436 est
766 1410 883 1445 USUS,
920 1396 973 1435 ab
1011 1395 1211 1436 omnibus
1253 1396 1462 1436 laudatur.
1518 1401 1562 1437 et
1590 1398 1790 1450 quoniam
1833 1397 1905 1449 qui
1947 1396 2249 1437 contionantur
2293 1395 2473 1448 plerum·

361 1454 364 1456 ’
385 1474 465 1512 que
492 1474 580 1501 non
598 1475 716 1501 suam
743 1461 932 1514 ipsorum
960 1460 1033 1500 sed
1062 1474 1328 1501 communem
1357 1462 1545 1502 omnium
1566 1476 1735 1503 causam
1756 1467 1901 1515 agunt,
1931 1462 2021 1502 sive
2049 1461 2212 1501 tribuni
2230 1474 2307 1514 pro
2335 1460 2472 1514 plebis

383 1525 581 1565 libertate
599 1530 884 1579 propugnant,
915 1526 1003 1565 sive
1033 1526 1225 1565 consules
1244 1526 1450 1566 nobilium
1477 1527 1572 1566 iura
1600 1527 1845 1576 defendunt,
1875 1527 1964 1566 sive
1983 1527 2257 1578 magistratus
2285 1539 2471 1565 summus

384 1590 497 1629 cives
530 1591 576 1629 in
609 1591 738 1630 alium
772 1591 911 1630 locum
947 1590 1184 1643 demigrare
1222 1595 1358 1630 vetat:
1391 1592 1558 1643 -quales
1591 1592 1656 1631 illi
1693 1592 1869 1641 fuerint,
1908 1592 2141 1644 legentium
2179 1605 2267 1631 non
2303 1595 2474 1631 tantum

382 1655 560 1695 interest
588 1670 714 1708 quam
748 1656 881 1708 qualis
910 1670 1035 1696 causa
1064 1670 1191 1708 quam
1218 1660 1402 1705 tuentur,
1432 1670 1511 1696 nec
1538 1662 1629 1697 tam
1657 1671 1763 1710 quae
1791 1657 1950 1706 dicunt,
1992 1656 2045 1696 ab
2079 1655 2182 1710 ipsis
2215 1655 2472 1708 excogitata,

384 1734 511 1774 quam
545 1721 599 1761 ab
633 1721 825 1761 omnibus
859 1721 947 1761 sive
980 1720 1141 1775 plebeis
1175 1721 1264 1761 sive
1298 1721 1575 1775 optimatibus
1610 1722 1700 1762 sive
1734 1736 1759 1762 a
1793 1722 1951 1776 populo
1985 1721 2182 1761 universo
2217 1720 2318 1760 olim
2352 1720 2473 1760 dicti-

383 1791 501 1835 tata,
539 1791 755 1838 exoptata,
796 1786 1037 1839 vituperata
1080 1786 1219 1825 videri
1262 1787 1430 1826 debent.
1493 1788 1607 1839 quod
1647 1802 1742 1827 cum
1775 1788 1923 1827 Livius
1964 1787 2027 1827 ita
2073 1801 2118 1826 se
2160 1786 2316 1826 habere
2356 1791 2473 1826 recte

381 1850 675 1905 perspexisset,
706 1850 893 1892 omnium
920 1850 1179 1904 ignorationi
1208 1850 1260 1891 de
1293 1851 1434 1892 indole
1478 1866 1528 1892 ac
1561 1857 1717 1893 natura
1758 1852 2023 1905 singulorum
2065 1851 2252 1891 virorum
2293 1850 2471 1891 fortium

379 1917 441 1956 ita
469 1916 687 1965 succurrit,
717 1920 765 1955 ut
794 1915 919 1955 certis
948 1916 1199 1968 quibusdam
1229 1917 1363 1969 signis
1392 1922 1434 1956 et
1462 1918 1576 1957 notis
1605 1918 1651 1957 in
1679 1918 1858 1957 dicendo
1888 1917 2019 1957 alium
2048 1917 2102 1956 ab
2130 1917 2213 1956 alio
2238 1916 2470 1968 distingue-

379 1987 456 2032 ret,
488 1982 540 2022 de
567 1982 756 2035 ipsorum
780 1981 965 2021 moribus
1000 1987 1041 2021 et
1072 1982 1256 2033 ingeniis
1283 1982 1391 2021 nihil
1419 1983 1692 2035 excogitaret,
1724 1983 1837 2036 quod
1856 1982 2159 2023 accuratiorem
2179 1981 2470 2034 cognitionem

382 2048 506 2100 (quae
534 2046 653 2086 nulla
682 2044 790 2095 erat)
817 2046 863 2084 in
891 2059 934 2084 se
963 2059 1051 2084 esse
1077 2051 1222 2099 posset
1250 2046 1450 2086 indicare.
1480 2070 1534 2075 -—

513 2111 799 2164 Cognovimus
839 2110 1048 2151 rationem
1087 2111 1246 2164 primae
1286 2111 1471 2163 decadis,
1515 2112 1736 2152 videamus
1778 2125 1892 2151 nunc
1919 2111 2054 2164 qualis
2097 2111 2154 2150 sit
2189 2109 2356 2150 tertiae.
2416 2123 2468 2150 ac

379 2177 562 2229 primum
591 2176 760 2229 quidem
788 2176 833 2215 id
860 2190 946 2216 non
979 2176 1137 2229 poterit
1178 2177 1376 2227 dubitari,
1407 2178 1509 2229 quin
1550 2192 1622 2217 ne·
1647 2191 1700 2217 ex
1740 2178 1817 2216 illa
1858 2177 2027 2229 quidem
2069 2181 2208 2216 aetate
2250 2175 2468 2215 contiones

379 2242 590 2294 genuinae
638 2256 687 2282 ac
733 2255 858 2282 verae
900 2241 955 2281 ad
1001 2241 1099 2281 Livi
1138 2245 1330 2296 tempora
1370 2242 1589 2296 potuerint
1630 2242 1876 2296 pervenire,
1921 2247 1970 2282 ut
2012 2255 2099 2282 non
2139 2240 2263 2281 aliter
2304 2238 2357 2280 de
2400 2240 2465 2289 iis,

381 2321 487 2360 quae
515 2306 697 2360 scriptae
724 2306 935 2359 leguntur,
964 2306 1020 2347 sit
1044 2305 1315 2347 iudicandum
1349 2321 1398 2348 ac
1426 2307 1478 2347 de
1507 2307 1816 2361 Thucydideis;
1861 2307 2126 2360 excogitatae
2155 2306 2268 2346 enim
2310 2310 2414 2345 sunt
2442 2305 2468 2346 a'.

379 2372 483 2412 viris
510 2371 656 2422 doctis,
685 2372 749 2412 ita
776 2377 824 2412 ut
853 2371 907 2412 ad
935 2386 1070 2412 mores
1094 2371 1391 2425 ingeniumque
1418 2372 1588 2413 illorum
1611 2372 1830 2413 hominum
1851 2376 1977 2426 aptae
2006 2371 2263 2412 viderentur.
2321 2376 2469 2411 tamen

381 2437 466 2478 alia
498 2451 670 2492 prorsus
698 2436 781 2477 fuit
826 2437 1017 2478 condicio
1051 2437 1149 2476 Livi
1191 2451 1286 2477 cum
1318 2437 1473 2477 bellum
1502 2438 1711 2478 Punicum
1753 2437 1967 2486 scriberet,
2011 2451 2061 2476 ac
2103 2450 2200 2476 cum
2237 2435 2363 2475 initia
2404 2436 2467 2475 rei

378 2503 597 2544 Romanae
630 2508 673 2543 et
700 2503 893 2558 proxima
920 2502 1123 2543 intiorum
1152 2509 1431 2557 componeret.
1485 2518 1586 2544 nam
1619 2509 1662 2543 et
1690 2503 1813 2544 multi
1843 2502 1895 2543 de
1920 2502 2032 2543 bello
2058 2501 2219 2542 Punico
2248 2501 2334 2542 iam
2363 2505 2466 2541 ante

380 2581 476 2608 eum
505 2582 601 2608 cum
630 2582 730 2608 cura
771 2572 814 2608 et
843 2567 1066 2621 diligentia
1092 2568 1362 2621 scripserant,
1397 2581 1473 2608 nec
1499 2569 1686 2609 Romani
1714 2569 1861 2619 solum,
1890 2582 2039 2609 verum
2067 2567 2221 2607 Graeci
2261 2567 2392 2607 etiam
2423 2572 2468 2606 et

376 2633 521 2682 Poeni,
555 2636 598 2673 et
625 2647 782 2686 magna
810 2633 884 2673 illa
911 2639 1114 2686 tempora,
1146 2646 1242 2673 cum
1270 2632 1386 2672 dirus
1414 2632 1629 2673 Hannibal
1656 2647 1733 2686 per
1758 2633 1890 2673 Italas
1917 2632 2043 2672 urbes
2068 2631 2345 2684 equitaverat,
2377 2645 2464 2671 car-

376 2697 562 2739 minibus
590 2703 634 2739 et
660 2697 817 2739 fabulis
846 2697 1071 2749 celebrata,
1114 2702 1204 2738 tam
1242 2696 1317 2737 diu
1343 2697 1389 2737 in
1423 2696 1607 2737 universi
1648 2697 1796 2751 populi
1823 2697 2026 2737 memoria
2066 2696 2198 2737 infixa
2224 2696 2466 2746 haeserant,

377 2768 426 2803 ut
453 2764 598 2817 quales
625 2763 708 2804 viri
750 2763 911 2816 egregii
943 2763 1018 2803 illa
1052 2768 1192 2803 aetate
1226 2763 1416 2811 fuissent,
1459 2776 1547 2802 non
1587 2776 1756 2815 prorsus
1785 2767 1895 2803 esset
1935 2762 1982 2801 in
2023 2762 2213 2803 obscuro.
2278 2761 2469 2802 discussa
2790 2776 2820 2818 3¹

378 2833 469 2869 erat
494 2829 663 2879 nebula,
693 2843 776 2882 qua
805 2829 944 2883 prima
970 2828 1089 2882 origo
1116 2828 1321 2883 principis
1348 2833 1555 2868 terrarum
1582 2827 1730 2881 populi
1756 2826 2062 2882 premebatur3.
2083 2827 2177 2867 luce
2212 2827 2365 2878 clarius
2392 2841 2466 2881 ap·
2775 2823 2777 2825 ’

376 2894 567 2948 parebat,
597 2894 748 2948 quibus
773 2908 1025 2948 magnorum
1051 2894 1239 2935 virorum
1267 2892 1496 2934 virtutibus
1521 2907 1587 2933 res
1614 2892 1809 2933 Romana
1836 2891 1892 2933 ad
1919 2894 2086 2933 tantam
2119 2891 2462 2945 magnitudinem
2664 2916 2683 2927 f

376 2959 647 3000 ascendisset.
2641 2958 2644 2959 ⁷

506 3025 624 3073 Quae
653 3039 749 3065 cum
774 3025 836 3065 ita
864 3029 1013 3074 essent,
1043 3023 1190 3064 Livius
1219 3037 1324 3077 opus
1352 3036 1572 3075 aggressus
1600 3035 1649 3062 eo
1678 3020 1827 3061 ardore
1854 3034 1984 3072 eoque
2012 3020 2177 3074 patriae
2204 3034 2358 3070 amore,
2388 3020 2463 3073 qui

378 3088 518 3130 virum
547 3090 765 3143 egregium
794 3095 836 3130 et
864 3103 963 3130 vere
991 3089 1234 3130 Romanum
1256 3088 1444 3138 decebat,
1479 3101 1566 3128 non
1594 3086 1829 3135 dubitabat,
1860 3085 1963 3138 quin
1991 3085 2232 3138 Scipionem
2260 3085 2462 3126 maiorem

1421 3292 1443 3324 9
2326 3288 2342 3311 2
