2831 3637
231 194 2596 462 Γ-’ΜἿ

374 1057 469 1121 De
515 1058 862 1121 orationum
909 1056 1081 1140 operi
1109 1056 1365 1120 Liviano
1411 1057 1777 1121 insertarum
1824 1058 2061 1141 origine
2107 1062 2169 1122 et
2214 1062 2454 1122 natura.

1325 1153 1438 1196 Pars
1466 1154 1506 1196 Ι.

1082 1247 1260 1300 Scripsit
1289 1247 1336 1286 F.
1363 1247 1748 1287 Friedersdorff.

1285 1418 1546 1428 *ἥκῃ-

376 1537 612 1618 Quomodo
654 1560 875 1600 historiam
910 1561 1119 1600 conscribi
1151 1566 1360 1613 oporteat,
1397 1561 1499 1612 quid
1533 1561 1644 1601 tanti
1677 1561 1733 1600 sit
1767 1560 1982 1614 ponderis,
2018 1566 2067 1600 ut
2101 1558 2341 1614 posteritati
2375 1563 2457 1598 tra-

374 1624 561 1665 dendum
588 1624 794 1676 videatur,
838 1630 982 1666 utrum
1015 1639 1081 1665 res
1115 1625 1362 1679 simpliciter
1403 1626 1490 1666 sint
1523 1625 1784 1666 enarrandae
1827 1640 1883 1666 an
1924 1625 2146 1680 splendore
2188 1623 2371 1678 quodam
2414 1628 2458 1662 et

375 1690 498 1743 copia
525 1691 750 1731 verborum
778 1691 864 1731 sint
890 1690 1167 1741 exornandae,
1197 1691 1322 1731 multi
1350 1696 1393 1731 et
1420 1691 1502 1732 hac
1530 1697 1670 1732 aetate
1694 1691 1950 1732 dissentiunt
1978 1696 2022 1732 et
2040 1691 2273 1744 antiquitus
2302 1689 2456 1729 dissen-

374 1760 532 1796 serunt.
540 1754 584 1807 ἐκ)
640 1755 785 1797 Cicero
814 1755 995 1809 quidem,
1026 1769 1122 1797 cum
1149 1755 1367 1798 historiam
1401 1770 1506 1811 opus
1542 1756 1773 1798 oratorium
1806 1756 1988 1797 maxime
2029 1756 2203 1806 diceret,
2245 1754 2457 1810 professus

375 1821 555 1871 videtur,
593 1822 704 1874 quod
738 1823 947 1875 plerisque
982 1828 1075 1862 tum
1108 1822 1347 1862 hominibus
1381 1823 1517 1862 doctis
1558 1823 1837 1876 probabatur;
1886 1828 1931 1862 at
1972 1823 2224 1862 recentiores
2266 1820 2456 1861 historici

374 1886 482 1926 nihil
517 1887 653 1939 magis
687 1888 741 1927 ab
775 1887 953 1927 historia
987 1887 1224 1942 discrepare
1257 1893 1411 1942 putant
1444 1902 1571 1940 quam
1606 1892 1740 1927 artem
1773 1887 2013 1927 oratoriam.
2069 1888 2211 1939 itaque
2244 1892 2458 1938 utcunque

374 1951 427 1991 de
456 1952 605 1992 ceteris
633 1952 757 1992 rebus
785 1952 1030 2003 iudicamus,
1059 1953 1168 1993 illud
1196 1953 1420 1994 discrimen
1452 1954 1566 1993 inter
1599 1958 1764 1993 veteres
1798 1958 1842 1993 et
1874 1958 2040 1993 nostros
2074 1953 2297 2007 scriptores
2330 1952 2457 1991 inter-

375 2017 522 2057 cedere
551 2017 721 2057 videtur
748 2018 990 2068 maximum,
1028 2019 1141 2071 quod
1167 2018 1231 2058 illi
1265 2019 1477 2072 principes
1509 2019 1556 2058 in
1591 2018 1764 2059 civitate
1798 2018 1923 2069 viros,
1960 2018 2098 2069 duces,
2133 2024 2351 2071 tyrannos,
2387 2016 2458 2057 tri-

376 2081 510 2122 bunos
538 2082 758 2135 loquentes
785 2082 1054 2133 induxerunt,
1084 2082 1130 2123 hi
1157 2097 1245 2124 non
1273 2083 1413 2134 verba,
1445 2083 1520 2124 sed
1548 2083 1724 2123 consilia
1751 2083 2018 2136 rationesque
2051 2083 2237 2123 virorum
2271 2082 2458 2135 egregio-

374 2161 469 2188 rum
503 2148 686 2202 spectari
719 2148 881 2189 volunt.
946 2163 998 2190 ex
1046 2163 1127 2202 qua
1172 2150 1406 2191 studiorum
1435 2149 1683 2191 diversitate
1712 2154 1918 2202 quantum
1951 2150 2138 2223 ipsorum
2170 2162 2346 2222 operum
2379 2147 2459 2188 (118-

376 2214 534 2254 crimen
563 2214 734 2264 oriatur,
779 2214 904 2255 facile
932 2215 1207 2268 intellegitur.
1263 2216 1354 2256 fieri
1381 2216 1495 2256 enim
1523 2230 1610 2256 non
1637 2220 1795 2269 potest,
1839 2220 1889 2255 ut
1917 2216 2025 2268 quis,
2056 2230 2162 2268 quae
2195 2214 2279 2255 viri
2305 2214 2460 2254 summi

375 2278 507 2318 locuti
547 2278 633 2318 sint
662 2283 736 2318 aut
763 2279 896 2320 locuti
924 2278 1135 2330 dicantur,
1180 2281 1314 2335 polita
1348 2286 1389 2321 et
1417 2281 1652 2334 composita
1680 2281 1870 2322 oratione
1897 2281 2098 2331 imitetur,
2134 2280 2236 2333 quin
2263 2279 2378 2320 idem
2405 2279 2462 2319 ad

378 2349 538 2384 ceteras
557 2344 694 2398 operis
713 2349 868 2399 partes,
900 2345 1066 2386 etiamsi
1084 2347 1345 2387 orationibus
1364 2346 1605 2400 principum
1620 2351 1803 2396 careant,
1825 2346 1999 2386 eandem
2018 2346 2221 2386 sermonis
2239 2344 2462 2386 excolendi

378 2410 581 2450 adhibeat
599 2410 878 2461 diligentiam.
937 2425 1058 2459 quem
1083 2412 1294 2451 scribendi
1318 2412 1506 2451 laborem
1539 2413 1611 2464 qui
1638 2412 1742 2452 velit
1761 2426 1963 2462 recusare,
1992 2412 2028 2451 is
2054 2426 2201 2452 vereor
2229 2426 2283 2451 ne
2303 2425 2352 2452 eo
2371 2425 2462 2450 rem

376 2475 434 2516 sit
467 2473 740 2526 adducturus,
785 2480 833 2517 ut
866 2490 972 2531 opus
1013 2476 1260 2520 lacunarum
1302 2476 1574 2518 multitudine
1613 2476 1810 2518 videatur
1847 2476 1964 2517 hiare
1998 2481 2041 2517 et
2083 2476 2195 2517 inter
2237 2490 2281 2517 se
2323 2476 2463 2531 ipsum

378 2540 620 2580 discordari.
677 2540 820 2593 itaque
854 2555 906 2581 ex
940 2541 1020 2582 hac
1047 2542 1141 2595 ipsa
1169 2556 1269 2582 cura
1287 2543 1333 2581 in
1361 2543 1571 2582 orationes
1600 2543 1718 2596 operi
1737 2543 1915 2582 insertas
1939 2542 2234 2595 perpoliendas
2263 2548 2307 2582 et
2326 2556 2462 2581 emen-

378 2606 539 2647 dandas
568 2606 737 2646 conlata
765 2612 882 2647 ortus
901 2612 966 2647 est
993 2621 1128 2648 sermo
1148 2607 1221 2648 ille
1241 2608 1434 2648 omnibus
1452 2609 1637 2649 numeris
1657 2607 1868 2662 perfectus
1897 2613 1940 2648 et
1965 2607 2194 2659 absolutus,
2226 2607 2344 2649 cuius
2372 2621 2463 2647 8118-

376 2671 513 2712 vitate
541 2675 585 2711 et
612 2670 836 2724 gravitate,
867 2676 915 2713 ut
944 2672 1130 2746 Graecos
1157 2676 1333 2724 taceam,
1364 2672 1600 2724 Sallustius,
1630 2673 1788 2723 Livius,
1825 2672 1998 2713 Tacitus
2032 2673 2195 2714 animos
2228 2672 2464 2726 legentium

377 2736 653 2791 perfundunt.

511 2844 547 2884 *)
569 2843 610 2877 In
632 2842 861 2886 componenda
885 2843 1119 2876 dissertatione
1142 2853 1183 2876 88
1205 2844 1413 2886 potissimum
1437 2847 1571 2877 secutus
1594 2855 1676 2883 811111,
1707 2854 1791 2885 quac
1816 2844 1851 2876 hi
1874 2844 2023 2877 homines
2046 2844 2140 2878 docti
2161 2845 2389 2888 seripserunt:

510 2886 549 2922 Ο.
571 2886 687 2930 Nippc
688 2887 776 2930 moy,
800 2887 962 2930 opuscula
985 2897 1016 2929 p.
1040 2886 1116 2919 411.
1142 2897 1175 2930 q.
1198 2897 1226 2922 8

510 2930 554 2963 A.
578 2930 737 2973 Rfidignr.
770 2930 813 2964 dc
844 2931 1060 2971 orationibus,
1085 2940 1171 2974 qum
1204 2932 1240 2964 in
1274 2940 1380 2964 rerum
1416 2931 1483 2963 scri
1507 2932 1638 2964 toribus
1667 2931 1805 2964 Graecis
1838 2934 1873 2964 et
1900 2930 2033 2963 Latinis
2056 2931 2274 2974 repedantur,
2301 2929 2463 2973 imprium

378 2972 548 3006 Herodoti
569 2976 605 3006 ct
626 2974 767 3007 8811118ὶί
788 2975 917 3007 ratione
938 2956 1067 3008 habital
1109 2974 1201 3015 Prog
1202 2985 1226 3008 r.
1253 2974 1396 3006 Schleiz.
1421 2973 1516 3008 187

511 3016 546 3051 J.
570 3016 730 3056 Sccbeck,
750 3016 792 3050 (18
815 3017 1024 3051 orationibus
1044 3017 1156 3050 Taciti
1178 3017 1273 3051 libris
1294 3016 1428 3051 insertis
1453 3021 1538 3058 part.
1584 3017 1611 3049 Ι.
1635 3017 1751 3059 Progr
1798 3016 1900 3051 celle
1926 3015 2023 3052 1880

241 3019 1057 3278 Qffmg'mssssh‘iztffillfffflhoen
1079 3070 1186 3103 gcgcn
1213 3060 1266 3094 die
1296 3060 1507 3094 catilinarier
1527 3061 1595 3095 und
1619 3060 1759 3094 Caesar-s
1781 3060 1848 3094 und
1866 3059 1969 3094 Geton
1992 3061 2115 3095 damur
2133 3059 2334 3103 bonfigliche
2349 3058 2467 3092 Rcdon
2602 3026 2610 3241 ³

109 3621 112 3624 ἢ
1182 3626 1185 3628 -
1800 3619 1880 3637 st·
2171 3598 2235 3633 με
2591 3559 2831 3637 .,ΙΑ”
