2831 3637
46 1197 64 1209 ἰ
101 1248 108 1255 f
135 1185 216 1260 ³7¹,ss
284 1206 338 1255 'jv
379 1208 381 1211 “
406 1202 587 1257 imperio
616 1202 765 1243 liceret
792 1202 869 1252 uti,
896 1216 975 1242 nec
1002 1202 1039 1241 is
1067 1202 1173 1242 solet
1202 1216 1289 1241 esse
1318 1200 1483 1241 animus
1510 1200 1740 1252 hominum,
1770 1206 1818 1241 ut
1846 1216 1923 1255 per
1940 1202 2096 1255 viginti
2117 1217 2250 1244 annos
2269 1186 2490 1257 splendAre

107 1271 117 1283 ³
175 1263 193 1277 ⁴
218 1266 221 1268 ’
331 1265 335 1266 ’
363 1301 366 1303 -
399 1266 628 1329 verborum
645 1268 692 1308 in
711 1266 855 1309 officio
877 1267 1141 1308 retineantur
1160 1271 1203 1307 et
1224 1266 1277 1306 ad
1296 1264 1485 1320 pericula
1503 1265 1662 1320 pariter
1681 1266 1876 1307 obeunda
1894 1267 2178 1322 impellantur,
2208 1269 2243 1309 si
2262 1269 2490 1317 auctoxitas

271 1353 285 1370 κ
302 1347 335 1384 ,κ
405 1333 525 1387 ducis
553 1348 611 1374 ac<
630 1333 736 1373 fides
766 1334 890 1373 absit.

2133 0 2285 19 .-'=·.·a==:¹*⁴.'·‘n·
2294 0 2360 11 *¹⁷*
2373 0 2392 11 τ
2413 0 2425 10 τ
2435 0 2499 27 ’ζῇ--

2099 211 2356 217 ——
2492 222 2517 240 0

402 350 637 391 maiestatis
651 350 836 404 plenum,
856 350 1146 392 Hannibalem
1166 354 1354 391 astutum
1373 354 1416 389 et
1434 348 1745 400 vehementem,
1775 349 1958 391 Fabium
1976 350 2213 406 sapientem
2231 348 2493 406 eundemque
2687 340 2714 375 '³⁵
2740 335 2799 384 [⁴

402 416 484 456 sibi
511 416 724 466 fidentem,
753 416 997 469 Scipionem
1024 415 1277 457 Africanum
1305 408 1476 455 doctum
1505 420 1548 455 et
1581 415 1735 456 altiora
1775 430 1902 469 quam
1943 429 2021 470 pro
2063 416 2234 457 homine
2274 422 2492 471 petentem
2760 421 2779 440 ⁹·

402 482 471 522 vel
484 482 530 522 in
551 481 815 522 orationibus
828 482 988 523 habitis
1002 481 1232 537 depingere
1250 486 1476 536 oporteret.
1534 480 1647 534 quod
1675 495 1770 522 cum
1794 481 1966 533 faceret,
1997 487 2041 523 et
2057 481 2259 524 historiae
2276 481 2492 537 praeclare

402 547 507 588 mihi
535 547 706 588 videtur
732 548 958 589 inservisse
985 562 1065 589 nec
1093 562 1119 589 a
1147 547 1358 589 communi
1384 547 1572 588 omnium
1592 547 1644 587 de
1662 548 1829 600 magnis
1850 543 1935 587 illis
1953 548 2056 589 viris
2074 549 2230 590 iudicio
2256 548 2492 590 discessisse

402 613 618 665 putandus
647 618 723 652 est.

533 677 675 730 Atque
702 682 751 718 ut
780 678 834 718 ab
863 677 1119 728 Hannibale,
1149 690 1231 730 quo
1259 690 1381 717 nemo
1410 689 1546 729 neque
1574 675 1650 717 illa
1677 690 1813 729 neque
1841 676 1930 718 ulla
1957 682 2098 718 aetate
2115 676 2201 719 fuit
2219 678 2372 720 clarior
2392 674 2490 730 dux,

407 742 578 783 initium
606 742 829 794 faciamus,
866 742 982 784 haud
1015 756 1140 797 saepe
1165 742 1312 783 Livius
1341 754 1437 782 eum
1465 741 1571 782 facit
1613 741 1947 794 contionantem3
1990 756 2172 797 magnae
2207 744 2419 785 orationes
2452 745 2492 786 ei

400 809 648 849 tribuuntur
674 814 717 850 et
735 809 910 850 ineunte
928 808 1041 849 bello
1062 808 1202 860 (XXI,
1225 823 1259 848 c.
1278 807 1349 858 43)
1364 812 1406 848 et
1424 812 1524 848 ante
1538 807 1745 861 proelium
1760 808 1964 849 Zamense
1979 809 2145 860 (XXX,
2165 808 2254 860 30);
2273 814 2493 863 praeterea

403 880 478 915 aut
507 874 716 928 colloquia
745 879 821 915 aut
848 888 1007 928 parvae
1033 873 1239 927 quaedam
1267 873 1483 913 contiones
1510 873 1706 913 habuisse
1724 873 1912 926 fingitur,
1943 888 2049 927 quae
2076 875 2112 914 si
2129 874 2397 928 negligimus,
2425 876 2492 917 bis

407 940 579 980 omnino
609 945 753 980 orator
780 939 1002 980 Hannibal
1033 938 1328 980 introducitur.
1383 952 1462 978 nec
1495 938 1540 978 id
1567 937 1745 980 fortuito
1775 938 1937 979 factum
1959 939 2215 993 putabimus.
2273 955 2354 994 quo
2379 942 2492 982 enim

402 1006 495 1059 quis
522 1006 645 1060 plura
673 1019 750 1060 per
767 1006 857 1046 vim
876 1010 919 1046 et
941 1004 1136 1046 fraudem
1164 1004 1414 1057 exsequitur,
1445 1019 1526 1057 quo
1556 1005 1691 1045 acrius
1721 1004 1841 1045 ardet
1869 1005 1956 1046 odii
1984 1006 2182 1060 explendi
2201 1011 2245 1047 et
2262 1007 2493 1050 ulciscendi
2550 1017 2575 1055 μ’

378 1071 611 1126 cupidine,
643 1086 693 1112 eo
722 1071 863 1111 minus
891 1084 1125 1125 propensus
1153 1070 1366 1111 videbitur
1399 1069 1454 1110 ad
1487 1070 1618 1110 verba
1652 1070 1839 1124 speciosa
1877 1070 2084 1112 facienda.
2146 1072 2327 1124 accedit,
2373 1059 2547 1135 quodf

402 1137 693 1178 Hannibalem
720 1137 767 1176 in
796 1137 945 1177 castris
974 1151 1070 1176 cum
1089 1137 1293 1176 militibus
1322 1140 1562 1174 versantem
1590 1136 1802 1175 orationes
1830 1135 1986 1176 habere
2013 1136 2121 1176 nihil
2141 1136 2489 1189 attinebats‘cux'i

373 1452 375 1454 q
428 1437 437 1440 -
505 1452 508 1453 ⁷
530 1399 674 1453 Atque
693 1404 742 1441 ut
758 1400 872 1454 ipsas
891 1399 1102 1440 orationes
1116 1396 1371 1438 Hannibalis
1387 1396 1700 1451 perlustremuS,
1720 1397 1947 1439 maximam
1965 1403 2139 1441 movent
2156 1398 2488 1451 admirationem,

399 1476 510 1518 ‘quae
527 1465 600 1505 ille
619 1466 666 1505 in
685 1465 795 1505 libro
815 1465 941 1514 XXI,
969 1466 1018 1511 21
1048 1463 1201 1503 dixisse
1218 1462 1404 1515 fingitur.
1463 1462 1682 1502 Hannibal
1701 1463 1823 1514 enim,
1847 1464 2039 1516 Sagunto
2059 1465 2205 1515 exciso,
2218 1477 2311 1504 cum
2330 1464 2489 1505 bellum

376 1582 379 1584 ‚
398 1531 643 1574 Romanum
662 1531 874 1584 suscipere
902 1530 948 1569 in
977 1529 1117 1569 animo
1138 1528 1323 1577 haberet,
1353 1541 1453 1567 suae
1472 1527 1612 1579 gentis
1631 1528 1787 1568 milites
1807 1528 1861 1569 ad
1879 1534 2048 1570 tantum
2067 1526 2275 1587 opupsnon
2294 1529 2487 1570 suffectu-

368 1591 378 1604 *
398 1609 469 1637 ros
496 1600 614 1637 ratus
643 1596 860 1650 Hispanos
904 1594 1101 1635 contione
1142 1593 1289 1633 habita
1331 1592 1377 1631 in
1419 1606 1515 1632 suas
1560 1597 1701 1646 partes
1731 1599 1908 1634 conatur
1934 1589 2217 1636 transducere.
2274 1608 2324 1635 ac
2351 1608 2406 1634 ne
2434 1594 2487 1635 de

372 1661 538 1702 'forma
564 1661 658 1715 ipsa
688 1661 893 1701 orationis
935 1659 1090 1708 dicam,
1128 1672 1378 1710 quamquam
1406 1672 1456 1697 ea
1485 1672 1649 1711 quoque
1677 1659 1821 1699 multis
1849 1659 1933 1700 fuit
1961 1660 2229 1714 admirationi
2258 1660 2351 1711 (cfr.
2381 1670 2488 1713 quae
2652 1695 2656 1699 .

369 1719 372 1721 ’
398 1725 687 1769 Woelfflinius
723 1725 779 1767 ad
812 1726 926 1766 hune
959 1725 1099 1765 locum
1133 1722 1373 1775 adnotavit)
1414 1723 1485 1765 vel
1527 1723 1664 1778 primo
1706 1723 1910 1780 adspectu
1944 1729 2136 1785 apparet,
2180 1729 2338 1779 quanto
2373 1725 2483 1778 dolo,
2760 1737 2831 1768 «σε

396 1792 568 1846 quantis
596 1792 777 1833 fallaciis
804 1792 850 1831 in
879 1790 1057 1830 dicendo
1086 1789 1142 1829 sit
1168 1803 1278 1829 usus.
1334 1790 1435 1839 xssm
1464 1803 1560 1829 cum
1586 1789 1710 1830 initio
1738 1790 1937 1843 profiteat
1990 1786 2002 1840 ¹,
2038 1790 2130 1830 fieri
2157 1805 2296 1844 posse,
2330 1796 2380 1831 ut
2413 1796 2489 1832 aut
2826 1815 2828 1817 >

397 1857 596 1899 militiam
623 1858 778 1898 finiant
806 1861 881 1897 aut
908 1856 954 1896 in
983 1855 1087 1896 alias
1115 1860 1248 1895 terras
1276 1854 1434 1894 bellum
1462 1853 1735 1905 transferant,
1764 1860 1878 1896 tame
1906 1898 1909 1903 1
1934 1868 2041 1908 quae
2060 1855 2113 1895 de
2131 1855 2317 1897 finienda
2331 1856 2487 1897 militia
2826 1904 2831 1912 Ι

367 1916 380 1978 1
396 1923 517 1977 dixit,
547 1937 719 1978 prorsus
737 1922 908 1964 videtur
927 1920 1133 1971 oblivisci,
1161 1925 1379 1973 totamque
1396 1933 1488 1960 rem
1504 1919 1569 1961 ita
1585 1920 1754 1974 peragit
1769 1935 1818 1962 ac
1837 1920 2084 1967 si'omnibus
2101 1921 2305 1976 Hispanis
2325 1926 2486 1964 certum
2796 1913 2831 1977 »ἦ

368 1988 737 2042 ‘destinatumque
779 1988 852 2039 sit,
897 2001 949 2027 ex
991 1986 1115 2026 bellis
1148 1985 1261 2025 bella
1303 1998 1379 2038 per
1413 1998 1582 2025 omnem
1615 1986 1749 2026 vitam
1783 1973 1933 2039 spiere,
1976 1987 2078 2039 quin
2107 1987 2236 2027 etiam
2269 2001 2400 2040 usque
2436 2001 2485 2029 eo
2803 1958 2831 2010 ἒ

395 2054 605 2108 procedit,
649 2059 700 2094 ut
740 2053 857 2094 vitae
890 2051 1188 2092 iucundidates
1216 2050 1298 2089 nisi
1325 2050 1448 2089 bellis
1476 2050 1673 2102 gerendis
1702 2051 1758 2104 ad
1765 2040 2034 2104 (Hispaniam
2062 2053 2233 2093 omnino
2262 2054 2483 2106 pervenire
2804 2091 2831 2107 h*

395 2132 484 2160 non
524 2132 648 2173 posse
690 2117 933 2159 contendat.
992 2115 1105 2169 quod
1146 2119 1405 2168 quantopere
1435 2128 1461 2154 a
1488 2114 1669 2155 veritate
1698 2112 1941 2166 abhorreat,
1985 2116 2054 2155 vel
2080 2115 2179 2156 inde
2206 2116 2483 2170 intellegitur,
2794 2110 2831 2160 3³2

395 2183 510 2237 quod
535 2196 739 2236 magnum
766 2183 904 2222 inesse
931 2180 1184 2221 desiderium
1212 2179 1322 2219 dixit
1349 2178 1556 2218 militibus
1584 2179 1784 2232 Hispanis
1812 2193 1909 2220 suos
1938 2194 2114 2233 suasque
2133 2181 2281 2221 domus
2305 2181 2483 2223 visendi.
2799 2152 2831 2279 ξ

372 2249 488 2302 ,quis
516 2254 659 2290 autem
688 2253 769 2298 est,
807 2247 880 2300 qui
906 2246 1009 2286 belli
1035 2246 1148 2285 ultro
1176 2243 1386 2284 inferendi
1414 2231 1654 2296 cupiditates
1664 2243 1822 2294 ardeat,
1854 2244 2081 2298 eodemque
2099 2251 2290 2299 tempore
2314 2259 2484 2287 suorum

393 2327 576 2367 suaeque
604 2313 754 2355 domus
782 2311 923 2353 studio
942 2312 1162 2351 teneatur?
1195 2309 1338 2362 itaque
1357 2307 1584 2357 Hanniba),
1617 2321 1723 2360 quae
1743 2308 1834 2362 ipse
1853 2309 1994 2360 sentit,
2026 2324 2075 2351 ea
2093 2310 2249 2351 milites
2266 2310 2482 2365 Hispanos

370 2379 580 2435 pervelle
607 2378 779 2419 simulat
801 2376 1055 2429 bellumque,
1086 2374 1198 2429 quod
1227 2387 1322 2414 cum
1350 2373 1554 2414 Romanis
1582 2372 1730 2424 instat,
1760 2378 1809 2413 ut
1836 2387 1925 2413 rem
1953 2375 2068 2414 omni
2101 2376 2259 2430 populo
2287 2374 2481 2431 Hispano

367 2445 661 2486 *utilissimam
690 2444 868 2493 extollit,
900 2457 949 2482 ea
978 2455 1143 2494 quoque
1169 2440 1215 2479 in
1242 2454 1287 2479 re
1314 2439 1473 2478 Punica
1501 2452 1600 2476 usus
1629 2439 1797 2478 astutia.

1410 3288 1454 3322 10
