2831 3637
479 360 540 402 At
568 375 669 402 vero
699 361 797 401 Livi
834 361 879 400 in
913 360 1062 400 eodem
1090 375 1245 413 genere
1274 361 1399 412 longe
1429 359 1512 399 alia
1541 358 1622 397 fuit
1651 358 1771 397 ratio.
1830 358 1865 396 is
1893 357 2022 406 enim,
2059 357 2192 397 libera
2220 355 2437 409 republica
2571 258 2578 486 Ι

345 427 434 468 16111
459 427 668 468 exstincta
696 426 752 466 ad
778 425 1001 466 historiam
1035 439 1258 479 aggressus
1301 439 1396 466 cum
1438 424 1579 465 taedio
1608 424 1722 463 illius
1764 424 1916 463 aetatis
1959 428 2193 463 commotus
2235 422 2290 462 ad
2332 421 2437 461 anti-

347 492 548 546 quissima
574 492 635 532 rei
663 492 884 532 Romanae
911 496 1106 545 tempora
1140 491 1328 531 animum
1362 494 1605 530 convertere
1639 488 1797 538 mallet,
1832 493 1881 528 ut
1915 502 1967 528 ex
2000 489 2325 542 praeteritarum
2357 486 2437 527 vir·

271 556 273 559 ’
342 563 492 600 ,tutum
520 558 744 611 splendore
781 557 1101 598 consolationen
1135 561 1303 611 caperet
1331 556 1377 596 in
1405 560 1527 596 tanta
1555 553 1740 595 labantis
1770 552 1940 608 imperii
1989 553 2175 605 miseria,
2210 567 2298 594 non
2336 566 2439 607 quas

348 623 561 667 orationes
588 622 679 677 ipse
708 622 930 663 audiverat
960 627 1034 663 aut
1069 622 1121 662 de
1150 622 1300 675 quibus
1335 635 1429 660 cum
1463 621 1574 669 aliis.
1609 620 1681 673 qui
1714 619 1891 659 dicendo
1926 619 2172 669 adfuissent,
2208 620 2440 659 collocutus

347 693 452 739 erat,
479 689 597 742 operi
622 689 818 737 intexuit,
850 689 925 728 sed
954 703 1057 740 quas
1086 694 1160 728 aut
1188 688 1302 741 apud
1330 687 1526 739 antiquos
1555 686 1772 727 annalium
1806 685 2032 739 scriptores
2064 685 2286 726 invenerat
2319 684 2436 725 habi·

347 759 497 809 tasque
525 768 614 794 esse
642 754 848 808 scriptum
877 759 1110 808 acceperat,
1154 758 1228 794 aut
1256 766 1357 806 quas
1384 751 1500 792 haud
1528 751 1672 805 inepte
1701 750 1849 791 haberi
1890 750 2076 804 potuisse
2104 764 2246 791 secum
2287 750 2437 791 consti-

348 824 503 863 tuerat.
561 834 639 861 nec
672 834 877 873 magnum
910 819 1040 860 fuisse
1074 833 1170 860 eum
1197 832 1416 859 numerum
1443 818 1529 858 iam
1558 823 1656 857 ante
1685 817 1782 856 Livi
1815 822 2007 870 tempora
2036 817 2082 856 in
2110 817 2283 857 annales
2301 830 2441 869 recep·

350 890 461 936 tum,
492 890 537 926 et
554 900 607 927 ex
626 886 679 925 iis
708 900 815 938 quae
843 900 971 939 supra
991 886 1173 925 diximus
1194 890 1235 924 et
1264 899 1315 924 ex
1342 883 1473 936 ipsius
1500 884 1561 923 rei
1580 888 1732 923 natura
1761 887 1892 936 patet.
1951 888 2104 935 quotus
2131 884 2243 923 enim
2268 883 2441 936 quisque

348 950 434 992 fuit
460 951 766 1004 antiquissimis
795 952 1059 1004 temporibus
1087 951 1154 991 vir
1182 951 1409 999 Romanus,
1446 949 1519 1002 qui
1548 949 1629 989 arti
1663 963 1835 1002 operam
1869 948 2001 998 daret,
2038 948 2140 989 dum
2174 948 2229 989 ad
2257 948 2442 996 Quirites

351 1016 420 1057 vel
449 1016 505 1058 ad
532 1016 689 1057 milites
718 1016 788 1056 vel
816 1016 931 1070 apud
959 1021 1154 1056 senatum
1183 1016 1310 1055 etiam
1344 1015 1475 1054 verba
1503 1015 1687 1054 faceret?
1743 1014 1845 1053 satis
1881 1019 1972 1053 erat
2003 1014 2087 1053 illis
2116 1015 2218 1053 viris
2262 1014 2442 1054 fortibus

349 1097 399 1122 ac
419 1083 614 1132 strenuis,
646 1097 753 1135 quae
773 1083 855 1122 sibi
883 1088 1203 1136 proposuerant,
1234 1086 1378 1134 aperte
1408 1081 1548 1133 eloqui
1576 1095 1652 1120 1166
1682 1080 1809 1120 6116111
1838 1079 1883 1120 111
1912 1078 2090 1120 (116611ᾶο
2121 1094 2265 1120 61116111
2303 1093 2442 1133 seque-

350 1147 519 1198 bantur,
550 1161 677 1200 quam
710 1152 759 1187 ut
794 1147 957 1187 animos
992 1146 1255 1188 audientium
1289 1160 1414 1198 quam
1447 1146 1632 1185 maxima
1666 1145 1858 1185 veritatis
1895 1145 2034 1198 specie
2077 1151 2358 1198 percuterent.
2388 1169 2442 1173 ——

351 1212 452 1253 hino
495 1212 556 1262 fit,
593 1217 642 1253 ut
675 1227 700 1252 a
728 1213 877 1266 primis
918 1213 1057 1266 operis
1086 1212 1255 1252 Liviani
1295 1211 1413 1251 libris
1457 1211 1668 1251 orationes
1711 1225 1854 1251 omnes
1896 1210 1984 1250 fere
2028 1210 2181 1251 absint.
2253 1225 2353 1251 nam
2395 1216 2445 1251 ut

349 1278 521 1330 regibus
555 1278 625 1318 vel
652 1278 788 1318 Bruto
824 1283 867 1318 et
902 1278 1113 1318 Collatino
1149 1278 1365 1317 civitatem
1398 1276 1734 1329 gubernantibus
1768 1276 1934 1316 habitas
1975 1290 2062 1316 esse
2098 1277 2315 1317 contiones
2351 1291 2444 1317 con-

352 1342 566 1394 cedamuS,
596 1342 689 1396 quis
714 1342 766 1383 iis
794 1343 1104 1397 perscribendis
1133 1356 1304 1396 operam
1332 1342 1496 1382 dedisse
1523 1341 1736 1395 putandus
1765 1344 1852 1381 est?
1882 1347 1956 1381 aut
1984 1356 2090 1395 quae
2118 1347 2260 1396 potest
2283 1343 2446 1395 excogi-

351 1407 436 1448 tari
463 1407 548 1449 alia
574 1408 697 1457 ratio,
734 1421 817 1461 qua
844 1408 921 1448 illa
947 1408 1180 1461 priscorum
1213 1407 1431 1446 hominum
1469 1407 1600 1446 verba
1638 1421 1713 1459 per
1746 1407 1962 1459 ingentem
2001 1408 2263 1447 saeculorum
2296 1408 2445 1447 seriem

302 1487 304 1489 ·
351 1477 578 1526 tantasque
610 1487 752 1513 rerum
792 1473 1144 1513 commutationes
1179 1472 1232 1512 ad
1273 1472 1370 1511 Livi
1403 1485 1533 1524 usque
1569 1477 1752 1511 aetatem
1780 1472 1996 1525 potuerint
2029 1472 2277 1526 pervenire?
2334 1472 2446 1525 quod

351 1538 414 1579 ita
448 1551 523 1579 suo
558 1537 650 1578 iure
684 1537 886 1579 accidisse
915 1538 1062 1577 Livius
1097 1551 1192 1577 cum
1220 1537 1518 1590 perspexisset,
1556 1543 1603 1576 ut
1634 1537 1864 1577 Romulum
1897 1538 1966 1577 vel
2000 1538 2103 1577 alias
2138 1538 2200 1577 rei
2227 1538 2446 1578 Romanae

354 1603 596 1645 conditores
639 1604 937 1645 contionantes
980 1604 1209 1651 induceret,
1258 1608 1426 1642 tantum
1461 1603 1620 1651 aberat,
1665 1608 1712 1642 ut
1745 1602 1852 1642 nihil
1883 1602 1964 1643 nisi
1999 1602 2207 1655 colloquia
2241 1603 2447 1656 quaedam

358 1676 401 1709 et
431 1684 556 1709 voces
585 1670 706 1722 quasi
734 1671 987 1709 necessitate
1017 1684 1233 1722 expressas
1277 1669 1331 1709 ad
1356 1669 1470 1708 illius
1501 1669 1653 1709 aetatis
1679 1683 1814 1710 mores
1844 1674 1886 1710 et
1933 1668 2256 1711 consuetudines
2290 1684 2448 1712 accom-

357 1734 553 1776 modatas
572 1739 757 1788 putaret.
806 1740 899 1775 tum
930 1734 1111 1784 demum,
1157 1748 1251 1775 cum
1280 1748 1372 1774 acre
1402 1733 1509 1773 illud
1538 1739 1754 1774 certamen
1783 1734 1835 1773 de
1864 1734 2082 1787 aequando
2111 1735 2201 1775 iure
2230 1736 2448 1788 magistra·

354 1801 554 1853 tibusque
612 1800 974 1840 communicandis
1022 1800 1134 1840 inter
1182 1805 1322 1854 patres
1364 1800 1614 1852 plebemque
1665 1800 1939 1838 exardescens
1984 1806 2075 1839 erat
2119 1801 2445 1854 depingendum,

354 1867 503 1906 Livius
542 1880 720 1918 magnas
760 1866 964 1918 quasdam
1005 1871 1047 1904 et
1092 1865 1147 1905 ad
1182 1865 1437 1918 optimorum
1478 1865 1694 1905 rhetorum
1740 1865 1996 1919 exemplaria
2036 1865 2199 1907 effictas
2238 1867 2448 1907 orationes

354 1930 591 1971 narrationi
631 1930 839 1971 innexuit.
896 1944 996 1970 nam
1026 1935 1068 1969 et
1097 1930 1260 1970 occasio
1289 1930 1391 1970 artis
1427 1929 1779 1970 demonstrandae
1814 1935 1902 1970 tam
1936 1937 2177 1984 opportuna
2211 1946 2254 1971 se
2289 1933 2447 1971 obtule-

293 1999 297 2002 '
354 2001 434 2045 rat,
464 2001 513 2035 ut
540 2007 698 2034 temere
727 2009 820 2034 eam
849 1995 1045 2034 omittere
1079 1995 1153 2033 vix
1181 1995 1283 2034 satis
1317 1995 1538 2048 prudentis
1566 1995 1790 2044 videretur,
1835 2001 1877 2035 et
1921 1996 1975 2035 ad
2018 1996 2222 2046 ardorem,
2254 1998 2326 2049 qui
2358 2002 2450 2037 tum

356 2061 509 2109 fuerat,
540 2060 777 2100 animorum
812 2059 1219 2113 repraesentandum
1252 2064 1341 2099 tam
1375 2059 1528 2099 efficax
1562 2059 1775 2109 auxilium,
1811 2065 1859 2100 ut
1895 2074 1943 2100 eo
1978 2061 2174 2113 neglecto
2203 2061 2449 2114 intellegen-

355 2125 542 2166 tissimus
561 2125 735 2178 quisque
754 2124 937 2179 plurima
956 2124 1002 2164 in
1020 2124 1135 2164 illius
1164 2125 1316 2165 aetatis
1335 2138 1500 2165 morum
1529 2124 1810 2177 descriptione
1839 2130 1947 2164 esset
1976 2125 2299 2166 desideraturus
2357 2141 2450 2167 con-

353 2191 500 2232 stabat
527 2190 695 2230 habitas
725 2205 813 2230 esse
842 2190 1060 2230 contiones
1094 2195 1137 2229 et
1171 2190 1328 2230 multas
1361 2195 1403 2230 et
1432 2190 1718 2230 vehementes:
1778 2190 1869 2243 quis
1911 2191 2028 2244 operi
2070 2192 2250 2232 insertas
2292 2192 2449 2232 nollet?

358 2258 582 2298 constabat
621 2257 726 2297 item
766 2256 1007 2310 deperditas
1047 2261 1090 2296 et
1134 2256 1387 2309 antiquitate
1430 2255 1627 2297 abolitas:
1686 2255 1793 2308 quis,
1843 2256 1914 2309 qui
1950 2256 2119 2310 quidem
2158 2257 2451 2311 Thucydidem

358 2323 429 2363 vel
457 2322 502 2362 in
535 2322 698 2362 recenti
739 2335 880 2361 rerum
922 2322 1126 2361 memoria
1160 2321 1273 2360 idem
1308 2321 1447 2361 facere
1482 2321 1673 2370 vidisset,
1719 2322 1959 2373 excogitare
2006 2328 2048 2362 et
2091 2322 2296 2375 effingere
2334 2323 2451 2363 dubi-

358 2391 498 2428 taret?
554 2393 716 2437 tamen,
751 2402 846 2427 cum
880 2403 932 2427 ex
965 2388 1097 2440 ipsius
1133 2388 1316 2439 ingenio,
1353 2403 1461 2440 quae
1490 2393 1582 2428 tum
1616 2387 1670 2428 ad
1704 2387 1908 2440 populum
1942 2388 2058 2429 dicta
2091 2388 2348 2440 viderentur,
2385 2402 2451 2429 ex-

360 2457 574 2508 promeret
603 2457 647 2493 et
674 2466 749 2493 suo
779 2452 956 2493 arbitrio
991 2457 1275 2506 componeret,
1306 2466 1382 2492 nec
1411 2452 1615 2491 iudicium
1650 2453 1737 2491 eius
1771 2452 1883 2504 fugit
1912 2454 2039 2493 aliam
2073 2455 2157 2493 alia
2191 2459 2330 2493 aetate
2365 2468 2452 2493 ora-

359 2519 529 2559 tionum
556 2518 849 2558 habendarum
878 2517 1007 2558 fuisse
1036 2518 1256 2567 rationem,
1288 2533 1365 2558 nec
1393 2519 1584 2570 legentes
1614 2518 1669 2557 ad
1699 2532 1791 2557 eam
1820 2519 2062 2571 opinionem
2091 2519 2299 2560 adducere
2328 2533 2448 2560 cona-

359 2594 430 2624 tus
450 2588 525 2634 est,
556 2589 604 2623 ut
634 2597 741 2636 quae
760 2583 919 2637 scripta
938 2597 963 2623 a
983 2597 1026 2623 se
1047 2583 1249 2635 legerent,
1281 2583 1515 2636 antiquitus
1535 2582 1693 2623 tradita
1718 2583 2036 2624 arbitrarentur.
2099 2585 2242 2637 itaque
2273 2598 2368 2624 cum
2402 2599 2454 2624 ex

360 2649 502 2703 prisca
529 2649 785 2703 antiquitate
813 2649 932 2690 nulla
966 2648 1104 2702 magis
1132 2648 1397 2689 inclaruisset
1432 2648 1586 2698 oratio,
1622 2662 1747 2701 quam
1780 2649 1870 2700 illa,
1902 2664 1985 2703 qua
2012 2650 2232 2690 Menenius
2260 2649 2454 2705 Agrippa

360 2714 529 2768 plebem
558 2714 614 2753 ad
654 2714 917 2754 redeundum
950 2715 996 2754 in
1038 2714 1224 2766 gratiam
1267 2728 1361 2754 cum
1390 2714 1583 2767 patribus
1612 2716 1867 2766 permovisse
1910 2715 2138 2766 ferebatur,
2183 2716 2330 2756 Livius
2372 2731 2452 2756 nec

361 2779 598 2820 orationem
633 2778 885 2832 composuit,
922 2793 1049 2831 quam
1083 2779 1138 2819 ab
1172 2779 1246 2818 illo
1281 2784 1371 2819 tum
1400 2778 1593 2818 habitam
1627 2793 1714 2818 esse
1749 2780 1989 2832 legentibus
2032 2780 2322 2834 persuaderet,
2376 2795 2454 2821 1166

360 2845 451 2886 61118
480 2844 584 2885 61118
612 2843 859 2895 rhetoricae,
891 2858 997 2897 quae
1026 2845 1105 2885 sub
1135 2843 1331 2897 Augusto
1360 2844 1551 2894 florebat,
1582 2844 1763 2898 vestigia
1794 2846 1881 2886 ulla
1909 2846 2050 2887 verbis
2078 2846 2266 2887 Menenii
2285 2846 2455 2900 impres-

361 2912 430 2960 sit,
467 2910 649 2963 dem‘que
691 2910 855 2963 „prisco
897 2910 971 2950 illo
1015 2910 1185 2950 dicendi
1220 2915 1263 2950 et
1290 2910 1460 2950 horrido
1504 2909 1629 2950 modo
1672 2911 1780 2952 nihil
1808 2912 1924 2952 aliud
1967 2926 2093 2965 quam
2122 2912 2338 2952 fabulam“
2384 2913 2453 2965 (de

366 2980 516 3016 ventre
544 2975 828 3027 membrisque
856 2975 971 3015 inter
997 2990 1041 3015 se
1071 2975 1427 3029 discrepantibus)
1460 2976 1752 3025 „narrasse“
1784 2991 1880 3017 eum
1909 2977 2024 3017 dicit.

224 3025 230 3243 Ι
496 3039 556 3080 Α1
588 3039 689 3080 111116
724 3055 749 3080 6
784 3040 892 3081 libro
926 3040 1054 3081 tertio
1085 3040 1212 3081 altior
1239 3054 1283 3080 se
1318 3040 1443 3093 erigit
1472 3039 1703 3092 fortiorque
1737 3042 1897 3082 incedit
1926 3056 1993 3082 ars
2023 3042 2206 3082 oratoria
2236 3057 2313 3083 nec
2345 3057 2455 3096 quae
2591 3025 2598 3250 ι

364 3105 528 3146 tribuni
545 3106 659 3145 illius
678 3106 831 3146 aetatis
851 3106 1093 3158 loquuntur,
1125 3106 1381 3146 dissentiunt
1410 3105 1464 3146 ab
1495 3120 1542 3145 ea
1571 3106 1746 3156 ratione,
1778 3122 1860 3160 qua
1886 3108 2069 3148 Gracchi
2099 3108 2308 3161 ceterique
2337 3109 2458 3161 vulgi

1406 3311 1428 3343 6
