2831 3637
370 365 651 404 concitatores
669 363 839 404 labente
858 363 943 403 iam
963 363 1181 417 republica
1200 368 1321 403 erant
1340 363 1421 414 usi3
1443 362 1590 403 eadem
1605 364 1795 414 saevitia,
1813 363 1959 405 eadem
1978 379 2058 415 818,
2079 364 2193 405 1(18111
2213 364 2267 405 ad
2287 365 2452 406 animos
2576 412 2580 415 .

367 428 505 483 plebis
531 428 855 469 inflammandos
883 428 1011 468 furor.
1068 442 1147 468 1180
1179 433 1324 468 tamen
1351 429 1414 468 ita
1440 443 1530 468 rem
1559 434 1623 469 est
1650 443 1883 482 aggressus,
1913 436 1962 470 ut
1981 431 2194 471 orationes
2221 444 2300 484 pro
2324 444 2444 471 orna·

365 494 521 534 mentis
561 494 662 535 solis
704 499 842 534 essent
875 507 954 534 1180
996 493 1221 546 quicquam
1265 493 1319 534 ad
1362 499 1502 534 totum
1549 494 1688 548 operis
1720 495 1965 535 institutum
1999 509 2050 536 ex
2097 496 2149 536 iis
2191 494 2449 537 redundaret
2501 519 2537 552 ,ς-

368 558 588 611 commodi,
618 559 692 600 sed
712 564 834 600 tanta
853 564 945 600 arte
964 559 1211 614 composuit,
1241 567 1290 599 ut
1318 564 1392 600 aut
1420 560 1610 613 legentes
1630 559 1683 600 de
1701 573 1813 601 nova
1833 560 1974 614 aliqua
1993 575 2038 601 re
2058 563 2256 602 certiores
2275 561 2448 613 faceret,

367 630 442 665 aut
469 630 519 665 ut
546 625 749 676 homines,
780 625 852 677 qui
880 625 1086 673 audirent,
1118 624 1173 664 ad
1200 638 1333 664 novas
1365 639 1431 664 res
1469 625 1734 678 incipiendas
1766 626 1938 665 incitari
1971 626 2152 667 doceret.
2222 627 2335 679 quod
2367 628 2452 667 nisi

365 691 427 731 ita
456 696 576 741 esset,
607 706 633 731 a
660 691 841 731 veritate
870 696 913 731 et
939 690 1030 731 vita
1062 690 1162 730 illae
1191 690 1402 731 orationes
1436 690 1590 731 mirum
1625 696 1830 743 quantum
1864 691 2151 733 abhorrerent.
2213 706 2301 734 non
2336 693 2449 734 enim

371 755 425 797 ad
454 755 750 797 delectandum
779 756 996 797 contiones
1023 755 1171 796 haberi
1192 755 1339 806 solent,
1369 756 1442 796 sed
1470 761 1520 796 ut
1539 769 1645 809 quae
1674 757 1759 796 iam
1779 762 1874 797 acta
1903 757 2000 808 sint,
2032 764 2309 813 exponantur,
2340 772 2448 811 quae

371 822 537 875 agenda
564 822 667 873 sint,
697 822 1028 876 praecipiantur,
1074 835 1181 874 quae
1208 822 1336 861 vitari
1378 822 1579 872 debeant,
1623 828 1974 875 praecaveantur3
2009 838 2087 863 nec
2129 824 2353 876 quicquam
2394 839 2447 865 ex

365 889 449 928 illis
477 889 707 929 virtutibus
734 889 781 928 in
808 888 955 942 primis
983 888 1123 941 operis
1151 887 1322 927 Liviani
1355 888 1616 928 orationibus
1651 888 1925 929 desideratur.
1988 889 2108 930 velut
2147 904 2255 942 quae
2289 889 2449 931 decem-

365 955 447 994 viri
481 954 639 995 scelera
673 954 968 1005 commiserint,
1004 953 1166 994 tribuni
1199 953 1245 993 111
1272 959 1457 994 mentem
1484 958 1687 995 revocant
1721 954 1857 1008 plebis
1893 960 1936 994 et
1970 954 2275 995 ardenti-imis
2307 956 2448 997 verbis

365 1019 420 1059 ad
447 1019 734 1059 ulciscendum
762 1020 1004 1073 impellunt3
1035 1033 1142 1071 quae
1171 1019 1285 1058 Galli
1313 1020 1475 1072 patriae
1503 1020 1616 1059 mala
1644 1019 1888 1070 adtulerint,
1920 1020 2165 1059 Cammillus
2193 1020 2450 1061 Ardeatibus

363 1085 494 1126 refert
522 1091 566 1126 et
594 1085 648 1126 ad
676 1084 1008 1140 propulsandum
1037 1098 1257 1125 commune
1285 1085 1517 1139 periculum
1545 1085 1608 1126 ita
1634 1084 1825 1138 instigat,
1856 1090 1905 1126 ut
1932 1085 2031 1126 inde
2066 1085 2120 1127 ab
2149 1086 2225 1127 illa
2252 1087 2449 1128 contione

365 1151 543 1205 arreptis
573 1151 699 1191 armis
728 1151 1020 1203 adiunctisque
1047 1151 1252 1190 Romanis
1286 1151 1491 1191 militibus
1522 1151 1845 1204 proficiscantur
1878 1152 1933 1191 ad
1967 1152 2299 1205 recuperandam
2332 1153 2449 1193 urbis

365 1218 585 1257 Romanae
612 1217 866 1257 libertatem.

493 1282 757 1335 Quamquam
799 1282 875 1322 has
916 1281 1098 1322 virtutes
1131 1281 1177 1320 in
1210 1285 1332 1321 tanto
1366 1280 1476 1321 tanti
1512 1281 1729 1335 scriptoris
1767 1295 1893 1335 opere
1932 1282 2068 1321 inesse
2102 1295 2179 1336 per
2212 1296 2256 1322 se
2285 1282 2448 1322 intelle-

366 1348 496 1399 gitur,
539 1362 618 1388 nec
645 1348 728 1387 nisi
769 1348 954 1387 inessent
996 1352 1165 1386 tantum
1192 1345 1329 1385 laudis
1358 1346 1558 1385 scribenti
1592 1352 1701 1385 esset
1730 1361 1755 1386 a
1782 1348 2021 1399 legentibus
2055 1348 2280 1398 tributum;
2315 1348 2450 1388 maior

367 1419 429 1452 est
456 1414 559 1463 laus,
590 1427 716 1465 quam
744 1427 856 1453 novo
886 1412 1054 1452 dicendi
1081 1426 1236 1464 genere
1263 1412 1309 1450 in
1337 1411 1556 1451 historiam
1584 1411 1759 1451 inducto
1793 1412 1939 1452 Livius
1981 1413 2147 1452 meruit.
2210 1427 2311 1452 nam
2353 1427 2449 1455 cum

363 1478 447 1518 tria
474 1479 559 1518 sint
587 1479 825 1519 orationum
853 1477 1144 1518 habendarum
1173 1491 1346 1530 genera:
1382 1476 1718 1527 deliberativum,
1764 1491 1844 1529 quo
1874 1477 1975 1530 quid
2003 1477 2122 1517 factu
2155 1478 2365 1531 optimum
2391 1478 2449 1518 sit

366 1543 479 1596 apud
506 1536 709 1597 populum
737 1544 806 1583 vel
833 1548 1026 1582 senatum
1055 1543 1124 1581 vel
1152 1542 1388 1595 principem
1417 1542 1655 1595 exponitur,
1686 1542 1894 1592 iudiciale,
1925 1557 2006 1595 quo
2036 1543 2104 1583 vel
2133 1557 2158 1582 a
2186 1557 2257 1583 reo
2288 1543 2448 1582 crimen

365 1609 546 1649 inlatum
573 1610 852 1662 redarguitur,
882 1609 951 1649 vel
979 1623 1073 1648 reus
1103 1608 1156 1648 ab
1187 1613 1427 1648 accusatore
1455 1607 1501 1647 in
1529 1607 1595 1647 ius
1623 1613 1811 1658 vocatur,
1843 1607 2238 1659 demonstrativum,
2275 1621 2358 1661 quo
2393 1607 2448 1649 ad

365 1675 668 1728 praedicandas
696 1676 875 1717 virtutes
904 1689 1163 1728 magnasque
1196 1688 1262 1715 res
1296 1672 1569 1715 celebrandas
1598 1673 1773 1725 utimur,
1804 1674 1968 1728 antiqui
1997 1679 2096 1715 ante
2120 1673 2291 1715 Livium
2319 1673 2446 1729 scrip·

365 1747 477 1781 tores
506 1753 600 1780 cum
629 1754 771 1781 omnes
798 1745 890 1780 tum
905 1739 1174 1793 Thucydides
1202 1739 1442 1793 saepissime
1472 1738 1764 1789 deliberativo,
1795 1740 2128 1779 demonstrativo
2162 1740 2374 1778 rarissime
2401 1740 2447 1778 111

366 1806 542 1846 historia
570 1816 669 1845 sunt
696 1807 777 1856 usi,
807 1807 955 1846 Livius
983 1806 1144 1859 primus
1171 1805 1256 1844 tria
1284 1805 1358 1844 illa
1385 1819 1552 1857 genera,
1586 1819 1661 1844 suo
1692 1805 1884 1857 quodque
1903 1806 1995 1845 loco
2024 1804 2272 1845 introduxit.
2330 1803 2446 1858 apud

366 1872 659 1925 Thucydidem
688 1871 853 1924 quidem
882 1886 1026 1913 omnes
1059 1870 1147 1911 fere
1190 1870 1399 1911 orationes
1441 1870 1496 1911 ad
1539 1869 1863 1911 deliberativum
1906 1884 2039 1923 genus
2080 1870 2310 1925 pertinere,
2354 1870 2448 1923 quis

365 1937 565 1990 negabit?
622 1952 645 1977 e
673 1937 822 1990 quibus
850 1938 884 1977 si
912 1951 1042 1976 unam
1070 1937 1188 1976 illam
1220 1941 1389 1990 praeter
1417 1940 1577 1975 ceteras
1607 1936 1839 1987 egregiam,
1877 1950 2003 1987 quam
2037 1936 2219 1975 Pericles
2250 1935 2304 1974 ad
2338 1948 2445 1974 mor-

366 2009 537 2043 tuorum
584 2003 829 2042 memoriam
877 2001 1171 2042 celebrandam
1218 2001 1413 2041 habuisse
1459 2000 1654 2052 fingitur,
1707 2001 1964 2053 excipiamus
2007 2006 2051 2040 et
2098 2001 2143 2039 in
2191 2000 2446 2040 demonstra-

365 2068 455 2110 tivo
484 2068 749 2109 referendam
775 2066 1056 2121 profiteamur,
1087 2065 1320 2107 verendum
1348 2065 1414 2115 sit,
1444 2079 1498 2104 ne
1525 2065 1811 2115 inveniantur,
1843 2065 1915 2118 qui
1933 2065 2002 2105 vel
2030 2065 2148 2104 illam
2167 2064 2444 2104 deliberativo

366 2135 502 2175 velint
529 2133 746 2174 reservari.
802 2146 948 2172 verum
976 2131 1038 2170 illi
1071 2138 1120 2171 ut
1153 2131 1384 2181 videbitur;
1418 2144 1496 2170 nos
1530 2130 1660 2170 ceteri
1694 2130 1919 2183 scriptores
1954 2144 2036 2182 qua
2069 2130 2233 2169 ratione
2268 2129 2445 2181 egerint,

368 2199 687 2242 consideremus
746 2204 871 2251 atque
898 2198 942 2237 hi
975 2203 1023 2237 ut
1062 2211 1085 2237 a
1119 2196 1395 2250 Thucydideo
1437 2196 1628 2249 exemplo
1669 2195 1950 2246 discederent,
1990 2200 2157 2250 tantum
2193 2194 2360 2244 aberat,
2396 2199 2446 2233 ut

366 2267 435 2308 vel
463 2266 616 2307 Graeci
643 2265 712 2307 vel
739 2264 895 2315 Latini,
926 2263 996 2316 qui
1024 2262 1191 2316 quidem
1218 2262 1339 2316 digni
1367 2262 1452 2302 sint
1470 2261 1767 2302 historicorum
1795 2262 1976 2312 nomine,
2007 2261 2051 2300 in
2071 2274 2198 2316 opera
2218 2260 2300 2299 nisi
2320 2260 2446 2299 certis

368 2333 617 2385 quibusdam
644 2333 689 2371 in
722 2332 847 2371 rebus
876 2335 1043 2384 praeter
1076 2328 1400 2368 deliberativum
1433 2343 1568 2380 genus
1602 2327 1718 2367 aliud
1752 2327 1975 2366 admittere
2008 2326 2181 2365 nollent.
2242 2325 2325 2365 hoc
2353 2326 2446 2365 loco

368 2412 422 2440 118
455 2398 547 2452 (11118
580 2397 685 2439 1111111
719 2396 870 2438 afferat
897 2395 1116 2436 Catonem!
1186 2407 1285 2434 nam
1318 2398 1368 2434 ut
1407 2407 1503 2434 eum
1543 2393 1831 2435 accusationes
1864 2393 1909 2433 in
1949 2392 2077 2433 libros
2111 2390 2317 2445 recepisse
2352 2403 2446 2431 con·

369 2462 576 2514 cedamUS,
612 2468 757 2503 tamen
785 2475 834 2501 ea
860 2461 981 2509 ratio,
1012 2473 1136 2512 quam
1163 2472 1239 2512 per
1268 2472 1433 2497 omnem
1461 2460 1597 2498 vitam
1624 2460 1670 2497 in
1698 2459 1861 2510 agendo
1891 2464 1933 2496 et
1953 2457 2172 2496 scribendo
2201 2462 2244 2495 et
2264 2456 2445 2495 dicendo

371 2534 434 2569 est
460 2534 638 2578 secutus,
669 2528 731 2568 ita
760 2542 785 2567 a
814 2526 963 2566 ceteris
982 2524 1220 2564 hominibus
1249 2506 1513 2574 abhorrebat,
1544 2530 1593 2564 ut
1613 2524 1665 2564 de
1684 2539 1728 2564 se
1748 2538 1903 2576 suaque
1922 2522 2058 2575 gloria
2082 2521 2260 2561 nimium
2280 2520 2442 2570 anxius,

369 2605 456 2636 non
483 2600 533 2634 ut
559 2599 693 2634 artem
735 2592 980 2632 historicam
1015 2593 1189 2642 augeret
1223 2593 1264 2628 et
1301 2590 1525 2639 excoleret,
1559 2589 1755 2629 videatur
1800 2587 2064 2642 spectavisse,
2100 2585 2173 2625 sed
2206 2590 2256 2625 ut
2289 2585 2355 2625 sui
2388 2585 2447 2624 in·

367 2660 483 2714 genii
508 2663 783 2700 monumenta
810 2655 1052 2711 posteritati
1080 2653 1279 2695 traderet.

497 2726 657 2765 Contra
683 2738 844 2764 merum
871 2723 917 2762 in
944 2722 1024 2761 hoc
1052 2734 1206 2773 genere
1225 2733 1268 2758 se
1287 2717 1460 2773 praebet
1479 2718 1801 2772 Thucydideum
1821 2717 2054 2758 Sallustius.
2111 2716 2147 2755 is
2172 2715 2319 2768 igitur,
2350 2728 2446 2754 cum

350 2803 531 2830 -summa
558 2794 648 2829 arte
671 2789 717 2828 in
741 2787 1002 2828 orationibus
1028 2780 1328 2838 componendis
1350 2787 1549 2834 uteretur,
1571 2784 1699 2823 aliam
1717 2789 1860 2822 tamen
1878 2782 2086 2821 rationem
2106 2794 2155 2820 ac
2174 2779 2448 2832 Thucydides

368 2855 485 2909 sequi
512 2855 689 2905 veritus,
734 2853 869 2894 solum
897 2865 1030 2905 genus
1059 2848 1382 2890 deliberativum
1415 2832 1595 2887 admisit.
1658 2862 1757 2887 nam
1791 2861 1842 2887 ex
1872 2852 1960 2887 tam
1998 2845 2143 2886 multis
2170 2844 2446 2894 orationibus,

368 2935 470 2973 quas
498 2921 690 2970 inseruit,
734 2934 788 2959 ne
815 2932 943 2958 unam
971 2916 1140 2970 quidem
1167 2913 1372 2963 invenies,
1417 2927 1540 2966 quam
1583 2912 1957 2954 demonstrativam
1986 2912 2124 2952 dicere
2151 2910 2275 2961 velis,
2306 2923 2447 2963 quam-

368 2999 493 3038 quam
520 2986 565 3025 id
593 2985 762 3038 quidem
790 2998 922 3036 genus
951 2982 1065 3036 apud
1090 2978 1381 3033 Thucydidem
1423 2977 1550 3020 fuisse
1593 2977 1777 3029 videtur,
1808 2993 1885 3017 nec
1919 2978 2061 3027 ullam,
2098 2990 2224 3029 quam
2258 2974 2449 3015 iudiciali

367 3050 551 3090 tribuere
579 3050 712 3090 malis.
776 3063 850 3089 eae
884 3053 996 3088 certe
1026 3046 1254 3095 orationes,
1299 3056 1404 3096 quae
1437 3042 1482 3081 in
1516 3048 1666 3082 senatu
1700 3044 1751 3081 de
1784 3058 1937 3095 poena,
1969 3056 2096 3094 quam
2125 3041 2310 3081 Catilina
2345 3040 2447 3080 eius-

368 3130 447 3167 que
481 3130 616 3156 noxae
650 3115 877 3169 participes
910 3112 1108 3153 meruisse
1136 3110 1397 3158 viderentur,
1438 3107 1658 3159 finguntur
1692 3122 1779 3147 esse
1811 3107 2000 3157 habitae,
2044 3112 2189 3147 tamen
2223 3104 2327 3145 adeo
2360 3116 2447 3143 non
