<?xml version="1.0" encoding="UTF-8"?>
<!DOCTYPE html PUBLIC "-//W3C//DTD XHTML 1.0 Transitional//EN"
    "http://www.w3.org/TR/xhtml1/DTD/xhtml1-transitional.dtd">
<html xmlns="http://www.w3.org/1999/xhtml" xml:lang="en" lang="en">
 <head>
  <title>
</title>
<meta http-equiv="Content-Type" content="text/html;charset=utf-8" />
  <meta name='ocr-system' content='tesseract 3.04.00' />
  <meta name='ocr-capabilities' content='ocr_page ocr_carea ocr_par ocr_line ocrx_word'/>
</head>
<body>
  <div class='ocr_page' id='page_1' title='image "./4769638_0012.png"; bbox 0 0 2831 3637; ppageno 0'>
   <div class='ocr_carea' id='block_1_1' title="bbox 218 2015 226 2547">
    <p class='ocr_par' dir='ltr' id='par_1_1' title="bbox 218 2015 226 2547">
     <span class='ocr_line' id='line_1_1' title="bbox 218 2015 226 2547; textangle 90"><span class='ocrx_word' id='word_1_1' title='bbox 218 2015 226 2547; x_wconf 78' lang='lat'>———————</span> 
     </span>
    </p>
   </div>
   <div class='ocr_carea' id='block_1_2' title="bbox 216 2630 307 3293">
    <p class='ocr_par' dir='ltr' id='par_1_2' title="bbox 216 2630 307 3293">
     <span class='ocr_line' id='line_1_2' title="bbox 216 2630 307 3293; textangle 90"><span class='ocrx_word' id='word_1_2' title='bbox 216 2630 307 3293; x_wconf 38' lang='lat' dir='ltr'><strong>f——Q</strong></span> 
     </span>
    </p>
   </div>
   <div class='ocr_carea' id='block_1_3' title="bbox 360 255 2592 1980">
    <p class='ocr_par' dir='ltr' id='par_1_3' title="bbox 362 255 2592 1058">
     <span class='ocr_line' id='line_1_3' title="bbox 496 255 2592 478; baseline 0 -88"><span class='ocrx_word' id='word_1_3' title='bbox 496 349 610 399; x_wconf 82' lang='lat' dir='ltr'><strong>Quid</strong></span> <span class='ocrx_word' id='word_1_4' title='bbox 642 349 779 390; x_wconf 88' lang='lat' dir='ltr'><strong>simile</strong></span> <span class='ocrx_word' id='word_1_5' title='bbox 813 349 1048 391; x_wconf 90' lang='lat' dir='ltr'><strong>recentium</strong></span> <span class='ocrx_word' id='word_1_6' title='bbox 1080 349 1403 392; x_wconf 86' lang='lat' dir='ltr'><strong>historicorum?</strong></span> <span class='ocrx_word' id='word_1_7' title='bbox 1466 350 1538 403; x_wconf 92' lang='lat' dir='ltr'><strong>qui</strong></span> <span class='ocrx_word' id='word_1_8' title='bbox 1572 363 1668 390; x_wconf 92' lang='lat' dir='ltr'><strong>cum</strong></span> <span class='ocrx_word' id='word_1_9' title='bbox 1701 348 1745 390; x_wconf 92' lang='lat' dir='ltr'><strong>id</strong></span> <span class='ocrx_word' id='word_1_10' title='bbox 1784 349 1865 390; x_wconf 86' lang='lat' dir='ltr'>sibi</span> <span class='ocrx_word' id='word_1_11' title='bbox 1898 348 2081 390; x_wconf 82' lang='lat' dir='ltr'><strong>maxime</strong></span> <span class='ocrx_word' id='word_1_12' title='bbox 2114 354 2367 404; x_wconf 75' lang='lat' dir='ltr'>proponant,</span> <span class='ocrx_word' id='word_1_13' title='bbox 2403 354 2453 391; x_wconf 91' lang='lat' dir='ltr'><strong>ut</strong></span> <span class='ocrx_word' id='word_1_14' title='bbox 2587 255 2592 478; x_wconf 78' lang='grc' dir='ltr'>Ι</span> 
     </span>
     <span class='ocr_line' id='line_1_4' title="bbox 364 415 2451 469; baseline 0 -14"><span class='ocrx_word' id='word_1_15' title='bbox 364 415 588 469; x_wconf 83' lang='lat' dir='ltr'><strong>explorent</strong></span> <span class='ocrx_word' id='word_1_16' title='bbox 617 421 660 455; x_wconf 88' lang='lat' dir='ltr'><strong>et</strong></span> <span class='ocrx_word' id='word_1_17' title='bbox 688 420 1018 468; x_wconf 75' lang='lat' dir='ltr'><strong>perscrutentur,</strong></span> <span class='ocrx_word' id='word_1_18' title='bbox 1049 416 1200 467; x_wconf 89' lang='lat' dir='ltr'><strong>quibus</strong></span> <span class='ocrx_word' id='word_1_19' title='bbox 1221 416 1382 455; x_wconf 88' lang='lat' dir='ltr'><strong>artibus</strong></span> <span class='ocrx_word' id='word_1_20' title='bbox 1407 415 1601 454; x_wconf 89' lang='lat' dir='ltr'><strong>civitates</strong></span> <span class='ocrx_word' id='word_1_21' title='bbox 1621 416 1913 467; x_wconf 76' lang='lat' dir='ltr'><strong>gubernentur</strong></span> <span class='ocrx_word' id='word_1_22' title='bbox 1940 420 1983 454; x_wconf 91' lang='lat' dir='ltr'><strong>et</strong></span> <span class='ocrx_word' id='word_1_23' title='bbox 2011 415 2057 454; x_wconf 91' lang='lat' dir='ltr'><strong>in</strong></span> <span class='ocrx_word' id='word_1_24' title='bbox 2084 415 2224 455; x_wconf 88' lang='lat' dir='ltr'><strong>officio</strong></span> <span class='ocrx_word' id='word_1_25' title='bbox 2244 415 2451 455; x_wconf 87' lang='lat' dir='ltr'><strong>retinean-</strong></span> 
     </span>
     <span class='ocr_line' id='line_1_5' title="bbox 362 480 2453 534; baseline 0 -13"><span class='ocrx_word' id='word_1_26' title='bbox 362 485 447 532; x_wconf 85' lang='lat' dir='ltr'><strong>tur,</strong></span> <span class='ocrx_word' id='word_1_27' title='bbox 477 480 627 534; x_wconf 87' lang='lat' dir='ltr'><strong>quibus</strong></span> <span class='ocrx_word' id='word_1_28' title='bbox 655 480 807 521; x_wconf 89' lang='lat' dir='ltr'><strong>studiis</strong></span> <span class='ocrx_word' id='word_1_29' title='bbox 839 495 888 521; x_wconf 90' lang='lat' dir='ltr'><strong>ac</strong></span> <span class='ocrx_word' id='word_1_30' title='bbox 916 481 1210 522; x_wconf 88' lang='lat' dir='ltr'><strong>voluntatibus</strong></span> <span class='ocrx_word' id='word_1_31' title='bbox 1239 495 1334 522; x_wconf 91' lang='lat' dir='ltr'><strong>cum</strong></span> <span class='ocrx_word' id='word_1_32' title='bbox 1362 480 1583 521; x_wconf 84' lang='lat' dir='ltr'><strong>universae</strong></span> <span class='ocrx_word' id='word_1_33' title='bbox 1617 485 1765 534; x_wconf 83' lang='lat' dir='ltr'><strong>gentes</strong></span> <span class='ocrx_word' id='word_1_34' title='bbox 1798 486 1891 521; x_wconf 92' lang='lat' dir='ltr'><strong>tum</strong></span> <span class='ocrx_word' id='word_1_35' title='bbox 1918 480 2110 534; x_wconf 83' lang='lat' dir='ltr'><strong>singulae</strong></span> <span class='ocrx_word' id='word_1_36' title='bbox 2137 480 2343 522; x_wconf 87' lang='lat' dir='ltr'><strong>factiones</strong></span> <span class='ocrx_word' id='word_1_37' title='bbox 2378 486 2453 522; x_wconf 91' lang='lat' dir='ltr'><strong>aut</strong></span> 
     </span>
     <span class='ocr_line' id='line_1_6' title="bbox 365 546 2453 601; baseline 0 -15"><span class='ocrx_word' id='word_1_38' title='bbox 365 547 420 586; x_wconf 88' lang='lat' dir='ltr'><strong>ad</strong></span> <span class='ocrx_word' id='word_1_39' title='bbox 449 547 681 587; x_wconf 84' lang='lat' dir='ltr'><strong>amicitiam</strong></span> <span class='ocrx_word' id='word_1_40' title='bbox 710 552 784 586; x_wconf 87' lang='lat' dir='ltr'><strong>aut</strong></span> <span class='ocrx_word' id='word_1_41' title='bbox 813 547 868 586; x_wconf 89' lang='lat' dir='ltr'><strong>ad</strong></span> <span class='ocrx_word' id='word_1_42' title='bbox 888 546 1034 586; x_wconf 90' lang='lat' dir='ltr'><strong>odium</strong></span> <span class='ocrx_word' id='word_1_43' title='bbox 1052 547 1337 600; x_wconf 83' lang='lat' dir='ltr'><strong>impellantur,</strong></span> <span class='ocrx_word' id='word_1_44' title='bbox 1368 546 1519 598; x_wconf 89' lang='lat' dir='ltr'><strong>quibus</strong></span> <span class='ocrx_word' id='word_1_45' title='bbox 1540 551 1717 586; x_wconf 88' lang='lat' dir='ltr'><strong>naturae</strong></span> <span class='ocrx_word' id='word_1_46' title='bbox 1735 546 1945 586; x_wconf 84' lang='lat' dir='ltr'><strong>humanae</strong></span> <span class='ocrx_word' id='word_1_47' title='bbox 1964 547 2287 587; x_wconf 86' lang='lat' dir='ltr'><strong>necessitatibus</strong></span> <span class='ocrx_word' id='word_1_48' title='bbox 2304 547 2453 601; x_wconf 92' lang='lat' dir='ltr'><strong>populi</strong></span> 
     </span>
     <span class='ocr_line' id='line_1_7' title="bbox 365 611 2452 664; baseline 0 -12"><span class='ocrx_word' id='word_1_49' title='bbox 365 612 492 653; x_wconf 90' lang='lat' dir='ltr'><strong>modo</strong></span> <span class='ocrx_word' id='word_1_50' title='bbox 521 611 789 653; x_wconf 86' lang='lat' dir='ltr'><strong>efflorescant</strong></span> <span class='ocrx_word' id='word_1_51' title='bbox 818 612 943 652; x_wconf 91' lang='lat' dir='ltr'><strong>modo</strong></span> <span class='ocrx_word' id='word_1_52' title='bbox 972 612 1028 652; x_wconf 92' lang='lat' dir='ltr'><strong>ad</strong></span> <span class='ocrx_word' id='word_1_53' title='bbox 1054 613 1273 652; x_wconf 74' lang='lat' dir='ltr'><strong>interittun</strong></span> <span class='ocrx_word' id='word_1_54' title='bbox 1305 612 1536 664; x_wconf 85' lang='lat' dir='ltr'><strong>rapiantur,</strong></span> <span class='ocrx_word' id='word_1_55' title='bbox 1568 612 1719 664; x_wconf 89' lang='lat' dir='ltr'><strong>quibus</strong></span> <span class='ocrx_word' id='word_1_56' title='bbox 1748 611 1927 664; x_wconf 89' lang='lat' dir='ltr'><strong>denique</strong></span> <span class='ocrx_word' id='word_1_57' title='bbox 1957 612 2092 652; x_wconf 88' lang='lat' dir='ltr'><strong>causis</strong></span> <span class='ocrx_word' id='word_1_58' title='bbox 2121 612 2380 653; x_wconf 86' lang='lat' dir='ltr'><strong>absconditis</strong></span> <span class='ocrx_word' id='word_1_59' title='bbox 2409 618 2452 653; x_wconf 88' lang='lat' dir='ltr'><strong>et</strong></span> 
     </span>
     <span class='ocr_line' id='line_1_8' title="bbox 365 676 2452 732; baseline 0 -14"><span class='ocrx_word' id='word_1_60' title='bbox 365 682 638 732; x_wconf 87' lang='lat' dir='ltr'><strong>conspectum</strong></span> <span class='ocrx_word' id='word_1_61' title='bbox 666 676 786 730; x_wconf 87' lang='lat' dir='ltr'><strong>vulgi</strong></span> <span class='ocrx_word' id='word_1_62' title='bbox 813 676 1078 730; x_wconf 86' lang='lat' dir='ltr'><strong>fugientibus</strong></span> <span class='ocrx_word' id='word_1_63' title='bbox 1106 677 1242 718; x_wconf 90' lang='lat' dir='ltr'><strong>omnis</strong></span> <span class='ocrx_word' id='word_1_64' title='bbox 1269 677 1372 718; x_wconf 89' lang='lat' dir='ltr'><strong>haec</strong></span> <span class='ocrx_word' id='word_1_65' title='bbox 1399 676 1490 717; x_wconf 87' lang='lat' dir='ltr'><strong>vita</strong></span> <span class='ocrx_word' id='word_1_66' title='bbox 1518 681 1739 718; x_wconf 87' lang='lat' dir='ltr'><strong>moveatur</strong></span> <span class='ocrx_word' id='word_1_67' title='bbox 1767 682 1810 718; x_wconf 91' lang='lat' dir='ltr'><strong>et</strong></span> <span class='ocrx_word' id='word_1_68' title='bbox 1839 677 2017 718; x_wconf 90' lang='lat' dir='ltr'><strong>ducatur</strong></span> <span class='ocrx_word' id='word_1_69' title='bbox 2044 701 2097 705; x_wconf 92' lang='lat'><strong>——</strong></span> <span class='ocrx_word' id='word_1_70' title='bbox 2126 677 2158 717; x_wconf 90' lang='lat' dir='ltr'><strong>ii</strong></span> <span class='ocrx_word' id='word_1_71' title='bbox 2183 678 2326 731; x_wconf 87' lang='lat' dir='ltr'><strong>igitur,</strong></span> <span class='ocrx_word' id='word_1_72' title='bbox 2357 692 2452 719; x_wconf 89' lang='lat' dir='ltr'><strong>cum</strong></span> 
     </span>
     <span class='ocr_line' id='line_1_9' title="bbox 363 738 2450 796; baseline 0.001 -14"><span class='ocrx_word' id='word_1_73' title='bbox 363 744 410 782; x_wconf 92' lang='lat' dir='ltr'><strong>in</strong></span> <span class='ocrx_word' id='word_1_74' title='bbox 424 743 741 795; x_wconf 87' lang='lat' dir='ltr'><strong>quaestionibus</strong></span> <span class='ocrx_word' id='word_1_75' title='bbox 757 738 1019 782; x_wconf 86' lang='lat' dir='ltr'><strong>difficillimis</strong></span> <span class='ocrx_word' id='word_1_76' title='bbox 1035 748 1078 782; x_wconf 92' lang='lat' dir='ltr'><strong>et</strong></span> <span class='ocrx_word' id='word_1_77' title='bbox 1096 748 1249 783; x_wconf 88' lang='lat' dir='ltr'><strong>natura</strong></span> <span class='ocrx_word' id='word_1_78' title='bbox 1268 743 1470 783; x_wconf 89' lang='lat' dir='ltr'><strong>involutis</strong></span> <span class='ocrx_word' id='word_1_79' title='bbox 1489 756 1661 796; x_wconf 88' lang='lat' dir='ltr'><strong>operam</strong></span> <span class='ocrx_word' id='word_1_80' title='bbox 1681 749 1942 794; x_wconf 88' lang='lat' dir='ltr'><strong>consumant,</strong></span> <span class='ocrx_word' id='word_1_81' title='bbox 1959 744 2171 783; x_wconf 85' lang='lat' dir='ltr'><strong>scribendi</strong></span> <span class='ocrx_word' id='word_1_82' title='bbox 2185 744 2450 796; x_wconf 87' lang='lat' dir='ltr'><strong>elegentiam,</strong></span> 
     </span>
     <span class='ocr_line' id='line_1_10' title="bbox 364 809 2452 862; baseline 0.001 -14"><span class='ocrx_word' id='word_1_83' title='bbox 364 809 400 848; x_wconf 88' lang='lat' dir='ltr'><strong>si</strong></span> <span class='ocrx_word' id='word_1_84' title='bbox 424 823 511 849; x_wconf 94' lang='lat' dir='ltr'><strong>non</strong></span> <span class='ocrx_word' id='word_1_85' title='bbox 547 809 798 862; x_wconf 88' lang='lat' dir='ltr'><strong>despiciunt,</strong></span> <span class='ocrx_word' id='word_1_86' title='bbox 835 814 880 848; x_wconf 88' lang='lat' dir='ltr'><strong>at</strong></span> <span class='ocrx_word' id='word_1_87' title='bbox 914 813 1027 848; x_wconf 87' lang='lat' dir='ltr'><strong>certe</strong></span> <span class='ocrx_word' id='word_1_88' title='bbox 1055 809 1190 848; x_wconf 89' lang='lat' dir='ltr'><strong>multo</strong></span> <span class='ocrx_word' id='word_1_89' title='bbox 1216 823 1341 861; x_wconf 91' lang='lat' dir='ltr'><strong>quam</strong></span> <span class='ocrx_word' id='word_1_90' title='bbox 1369 813 1532 848; x_wconf 88' lang='lat' dir='ltr'><strong>veteres</strong></span> <span class='ocrx_word' id='word_1_91' title='bbox 1567 809 1772 849; x_wconf 88' lang='lat' dir='ltr'><strong>adhibent</strong></span> <span class='ocrx_word' id='word_1_92' title='bbox 1791 809 2007 849; x_wconf 89' lang='lat' dir='ltr'><strong>minorem.</strong></span> <span class='ocrx_word' id='word_1_93' title='bbox 2064 809 2208 862; x_wconf 92' lang='lat' dir='ltr'><strong>itaque</strong></span> <span class='ocrx_word' id='word_1_94' title='bbox 2241 815 2284 850; x_wconf 90' lang='lat' dir='ltr'><strong>et</strong></span> <span class='ocrx_word' id='word_1_95' title='bbox 2312 824 2452 850; x_wconf 90' lang='lat' dir='ltr'><strong>rerum</strong></span> 
     </span>
     <span class='ocr_line' id='line_1_11' title="bbox 363 873 2449 928; baseline 0.001 -14"><span class='ocrx_word' id='word_1_96' title='bbox 363 874 552 928; x_wconf 88' lang='lat' dir='ltr'><strong>ipsarum</strong></span> <span class='ocrx_word' id='word_1_97' title='bbox 581 873 836 914; x_wconf 86' lang='lat' dir='ltr'><strong>difficultate</strong></span> <span class='ocrx_word' id='word_1_98' title='bbox 879 879 922 914; x_wconf 87' lang='lat' dir='ltr'><strong>et</strong></span> <span class='ocrx_word' id='word_1_99' title='bbox 956 873 1159 914; x_wconf 89' lang='lat' dir='ltr'><strong>orationis</strong></span> <span class='ocrx_word' id='word_1_100' title='bbox 1193 889 1345 927; x_wconf 87' lang='lat' dir='ltr'><strong>genere</strong></span> <span class='ocrx_word' id='word_1_101' title='bbox 1387 873 1479 914; x_wconf 88' lang='lat' dir='ltr'><strong>fieri</strong></span> <span class='ocrx_word' id='word_1_102' title='bbox 1505 875 1622 925; x_wconf 91' lang='lat' dir='ltr'><strong>solet,</strong></span> <span class='ocrx_word' id='word_1_103' title='bbox 1666 880 1715 915; x_wconf 91' lang='lat' dir='ltr'><strong>ut</strong></span> <span class='ocrx_word' id='word_1_104' title='bbox 1743 889 1887 915; x_wconf 90' lang='lat' dir='ltr'><strong>eorum</strong></span> <span class='ocrx_word' id='word_1_105' title='bbox 1914 875 2013 915; x_wconf 87' lang='lat' dir='ltr'><strong>libri</strong></span> <span class='ocrx_word' id='word_1_106' title='bbox 2054 890 2142 916; x_wconf 88' lang='lat' dir='ltr'><strong>non</strong></span> <span class='ocrx_word' id='word_1_107' title='bbox 2183 875 2449 916; x_wconf 84' lang='lat' dir='ltr'><strong>multitudini</strong></span> 
     </span>
     <span class='ocr_line' id='line_1_12' title="bbox 367 939 2453 994; baseline 0 -15"><span class='ocrx_word' id='word_1_108' title='bbox 367 940 637 980; x_wconf 86' lang='lat' dir='ltr'><strong>mediocriter</strong></span> <span class='ocrx_word' id='word_1_109' title='bbox 685 940 924 989; x_wconf 87' lang='lat' dir='ltr'><strong>doctorum,</strong></span> <span class='ocrx_word' id='word_1_110' title='bbox 975 939 1050 979; x_wconf 91' lang='lat' dir='ltr'><strong>sed</strong></span> <span class='ocrx_word' id='word_1_111' title='bbox 1090 939 1329 979; x_wconf 90' lang='lat' dir='ltr'><strong>hominibus</strong></span> <span class='ocrx_word' id='word_1_112' title='bbox 1372 940 1597 980; x_wconf 85' lang='lat' dir='ltr'><strong>severitate</strong></span> <span class='ocrx_word' id='word_1_113' title='bbox 1640 941 1873 980; x_wconf 87' lang='lat' dir='ltr'><strong>studiorum</strong></span> <span class='ocrx_word' id='word_1_114' title='bbox 1903 940 2088 980; x_wconf 87' lang='lat' dir='ltr'><strong>adsuetis</strong></span> <span class='ocrx_word' id='word_1_115' title='bbox 2115 941 2348 994; x_wconf 87' lang='lat' dir='ltr'><strong>probentur</strong></span> <span class='ocrx_word' id='word_1_116' title='bbox 2375 955 2453 980; x_wconf 92' lang='lat' dir='ltr'><strong>nec</strong></span> 
     </span>
     <span class='ocr_line' id='line_1_13' title="bbox 366 1004 1634 1058; baseline -0.001 -13"><span class='ocrx_word' id='word_1_117' title='bbox 366 1005 672 1058; x_wconf 88' lang='lat' dir='ltr'><strong>imperitorum,</strong></span> <span class='ocrx_word' id='word_1_118' title='bbox 702 1004 775 1044; x_wconf 91' lang='lat' dir='ltr'><strong>sed</strong></span> <span class='ocrx_word' id='word_1_119' title='bbox 805 1005 1066 1044; x_wconf 89' lang='lat' dir='ltr'><strong>eruditorum</strong></span> <span class='ocrx_word' id='word_1_120' title='bbox 1094 1005 1287 1045; x_wconf 90' lang='lat' dir='ltr'><strong>manibus</strong></span> <span class='ocrx_word' id='word_1_121' title='bbox 1315 1010 1556 1058; x_wconf 35' lang='lat' dir='ltr'><strong>teneantur..</strong></span> <span class='ocrx_word' id='word_1_122' title='bbox 1581 1029 1634 1033; x_wconf 90' lang='lat'>—</span> 
     </span>
    </p>

    <p class='ocr_par' dir='ltr' id='par_1_4' title="bbox 360 1070 2453 1980">
     <span class='ocr_line' id='line_1_14' title="bbox 492 1070 2452 1125; baseline 0 -14"><span class='ocrx_word' id='word_1_123' title='bbox 492 1070 577 1111; x_wconf 86' lang='lat' dir='ltr'><strong>Sed</strong></span> <span class='ocrx_word' id='word_1_124' title='bbox 605 1076 795 1110; x_wconf 82' lang='lat' dir='ltr'><strong>recentes</strong></span> <span class='ocrx_word' id='word_1_125' title='bbox 823 1070 1059 1124; x_wconf 73' lang='lat' dir='ltr'><strong>scriptores,</strong></span> <span class='ocrx_word' id='word_1_126' title='bbox 1090 1085 1164 1110; x_wconf 90' lang='lat' dir='ltr'><strong>cur</strong></span> <span class='ocrx_word' id='word_1_127' title='bbox 1188 1070 1397 1110; x_wconf 88' lang='lat' dir='ltr'><strong>orationes</strong></span> <span class='ocrx_word' id='word_1_128' title='bbox 1424 1070 1469 1109; x_wconf 91' lang='lat' dir='ltr'><strong>in</strong></span> <span class='ocrx_word' id='word_1_129' title='bbox 1497 1070 1739 1111; x_wconf 85' lang='lat' dir='ltr'><strong>narratione</strong></span> <span class='ocrx_word' id='word_1_130' title='bbox 1762 1070 1941 1123; x_wconf 86' lang='lat' dir='ltr'><strong>inligare</strong></span> <span class='ocrx_word' id='word_1_131' title='bbox 1975 1070 2200 1121; x_wconf 88' lang='lat' dir='ltr'><strong>noluerint,</strong></span> <span class='ocrx_word' id='word_1_132' title='bbox 2238 1071 2330 1125; x_wconf 87' lang='lat' dir='ltr'><strong>ipsa</strong></span> <span class='ocrx_word' id='word_1_133' title='bbox 2359 1085 2452 1125; x_wconf 86' lang='lat' dir='ltr'><strong>ope-</strong></span> 
     </span>
     <span class='ocr_line' id='line_1_15' title="bbox 360 1133 2453 1190; baseline 0.001 -14"><span class='ocrx_word' id='word_1_134' title='bbox 360 1150 455 1176; x_wconf 92' lang='lat' dir='ltr'><strong>rum</strong></span> <span class='ocrx_word' id='word_1_135' title='bbox 483 1134 637 1177; x_wconf 87' lang='lat' dir='ltr'><strong>natura</strong></span> <span class='ocrx_word' id='word_1_136' title='bbox 664 1133 804 1190; x_wconf 71' lang='lat' dir='ltr'><strong>patet,</strong></span> <span class='ocrx_word' id='word_1_137' title='bbox 839 1141 1015 1186; x_wconf 75' lang='lat' dir='ltr'><strong>veteres,</strong></span> <span class='ocrx_word' id='word_1_138' title='bbox 1051 1151 1126 1176; x_wconf 91' lang='lat' dir='ltr'><strong>cur</strong></span> <span class='ocrx_word' id='word_1_139' title='bbox 1153 1136 1197 1176; x_wconf 89' lang='lat' dir='ltr'><strong>id</strong></span> <span class='ocrx_word' id='word_1_140' title='bbox 1225 1137 1362 1190; x_wconf 86' lang='lat' dir='ltr'><strong>ipsum</strong></span> <span class='ocrx_word' id='word_1_141' title='bbox 1391 1151 1517 1188; x_wconf 89' lang='lat' dir='ltr'><strong>quam</strong></span> <span class='ocrx_word' id='word_1_142' title='bbox 1543 1137 1724 1177; x_wconf 82' lang='lat' dir='ltr'><strong>maxime</strong></span> <span class='ocrx_word' id='word_1_143' title='bbox 1759 1136 1896 1177; x_wconf 89' lang='lat' dir='ltr'><strong>facere</strong></span> <span class='ocrx_word' id='word_1_144' title='bbox 1930 1136 2181 1187; x_wconf 87' lang='lat' dir='ltr'><strong>studuerint,</strong></span> <span class='ocrx_word' id='word_1_145' title='bbox 2217 1137 2356 1177; x_wconf 88' lang='lat' dir='ltr'><strong>minus</strong></span> <span class='ocrx_word' id='word_1_146' title='bbox 2390 1143 2453 1178; x_wconf 89' lang='lat' dir='ltr'><strong>est</strong></span> 
     </span>
     <span class='ocr_line' id='line_1_16' title="bbox 363 1202 2453 1256; baseline 0 -14"><span class='ocrx_word' id='word_1_147' title='bbox 363 1203 409 1242; x_wconf 93' lang='lat' dir='ltr'><strong>in</strong></span> <span class='ocrx_word' id='word_1_148' title='bbox 437 1208 597 1256; x_wconf 85' lang='lat' dir='ltr'><strong>aperto.</strong></span> <span class='ocrx_word' id='word_1_149' title='bbox 656 1208 783 1255; x_wconf 91' lang='lat' dir='ltr'><strong>atque</strong></span> <span class='ocrx_word' id='word_1_150' title='bbox 810 1202 855 1241; x_wconf 91' lang='lat' dir='ltr'><strong>id</strong></span> <span class='ocrx_word' id='word_1_151' title='bbox 885 1202 1055 1255; x_wconf 88' lang='lat' dir='ltr'><strong>quidem</strong></span> <span class='ocrx_word' id='word_1_152' title='bbox 1079 1203 1147 1242; x_wconf 88' lang='lat' dir='ltr'><strong>vel</strong></span> <span class='ocrx_word' id='word_1_153' title='bbox 1167 1216 1316 1256; x_wconf 91' lang='lat' dir='ltr'><strong>parum</strong></span> <span class='ocrx_word' id='word_1_154' title='bbox 1342 1202 1574 1254; x_wconf 79' lang='lat' dir='ltr'><strong>diligentur</strong></span> <span class='ocrx_word' id='word_1_155' title='bbox 1598 1216 1686 1242; x_wconf 91' lang='lat' dir='ltr'><strong>rem</strong></span> <span class='ocrx_word' id='word_1_156' title='bbox 1706 1202 1968 1242; x_wconf 88' lang='lat' dir='ltr'><strong>intuentibus</strong></span> <span class='ocrx_word' id='word_1_157' title='bbox 1989 1207 2177 1256; x_wconf 90' lang='lat' dir='ltr'><strong>apparet,</strong></span> <span class='ocrx_word' id='word_1_158' title='bbox 2208 1216 2295 1243; x_wconf 94' lang='lat' dir='ltr'><strong>non</strong></span> <span class='ocrx_word' id='word_1_159' title='bbox 2323 1203 2453 1243; x_wconf 89' lang='lat' dir='ltr'><strong>animi</strong></span> 
     </span>
     <span class='ocr_line' id='line_1_17' title="bbox 363 1268 2452 1322; baseline 0 -14"><span class='ocrx_word' id='word_1_160' title='bbox 363 1283 490 1308; x_wconf 89' lang='lat' dir='ltr'><strong>causa</strong></span> <span class='ocrx_word' id='word_1_161' title='bbox 509 1283 586 1308; x_wconf 89' lang='lat' dir='ltr'><strong>nec</strong></span> <span class='ocrx_word' id='word_1_162' title='bbox 615 1274 663 1308; x_wconf 90' lang='lat' dir='ltr'><strong>ut</strong></span> <span class='ocrx_word' id='word_1_163' title='bbox 682 1268 949 1307; x_wconf 90' lang='lat' dir='ltr'><strong>multitudini</strong></span> <span class='ocrx_word' id='word_1_164' title='bbox 969 1268 1166 1308; x_wconf 89' lang='lat' dir='ltr'><strong>indoctae</strong></span> <span class='ocrx_word' id='word_1_165' title='bbox 1185 1269 1387 1321; x_wconf 90' lang='lat' dir='ltr'><strong>puerilem</strong></span> <span class='ocrx_word' id='word_1_166' title='bbox 1407 1269 1591 1320; x_wconf 87' lang='lat' dir='ltr'><strong>aliquam</strong></span> <span class='ocrx_word' id='word_1_167' title='bbox 1613 1274 1812 1322; x_wconf 85' lang='lat' dir='ltr'><strong>pararent</strong></span> <span class='ocrx_word' id='word_1_168' title='bbox 1832 1268 2156 1308; x_wconf 85' lang='lat' dir='ltr'><strong>delectationem</strong></span> <span class='ocrx_word' id='word_1_169' title='bbox 2174 1274 2338 1309; x_wconf 88' lang='lat' dir='ltr'><strong>veteres</strong></span> <span class='ocrx_word' id='word_1_170' title='bbox 2358 1270 2452 1309; x_wconf 91' lang='lat' dir='ltr'><strong>illos</strong></span> 
     </span>
     <span class='ocr_line' id='line_1_18' title="bbox 362 1333 2453 1387; baseline 0 -14"><span class='ocrx_word' id='word_1_171' title='bbox 362 1334 408 1373; x_wconf 91' lang='lat' dir='ltr'><strong>in</strong></span> <span class='ocrx_word' id='word_1_172' title='bbox 437 1334 699 1373; x_wconf 89' lang='lat' dir='ltr'><strong>orationibus</strong></span> <span class='ocrx_word' id='word_1_173' title='bbox 741 1333 942 1373; x_wconf 74' lang='lat' dir='ltr'><strong>historiae</strong></span> <span class='ocrx_word' id='word_1_174' title='bbox 986 1333 1212 1386; x_wconf 89' lang='lat' dir='ltr'><strong>infigendis</strong></span> <span class='ocrx_word' id='word_1_175' title='bbox 1244 1339 1411 1374; x_wconf 89' lang='lat' dir='ltr'><strong>tantum</strong></span> <span class='ocrx_word' id='word_1_176' title='bbox 1440 1334 1710 1374; x_wconf 87' lang='lat' dir='ltr'><strong>collocavisse</strong></span> <span class='ocrx_word' id='word_1_177' title='bbox 1738 1334 1911 1374; x_wconf 83' lang='lat' dir='ltr'><strong>laboris:</strong></span> <span class='ocrx_word' id='word_1_178' title='bbox 1946 1334 2081 1373; x_wconf 87' lang='lat' dir='ltr'><strong>maius</strong></span> <span class='ocrx_word' id='word_1_179' title='bbox 2110 1334 2270 1387; x_wconf 89' lang='lat' dir='ltr'><strong>aliquid</strong></span> <span class='ocrx_word' id='word_1_180' title='bbox 2298 1334 2381 1374; x_wconf 89' lang='lat' dir='ltr'><strong>fuit</strong></span> <span class='ocrx_word' id='word_1_181' title='bbox 2410 1340 2453 1375; x_wconf 91' lang='lat' dir='ltr'><strong>et</strong></span> 
     </span>
     <span class='ocr_line' id='line_1_19' title="bbox 362 1399 2452 1451; baseline 0.001 -13"><span class='ocrx_word' id='word_1_182' title='bbox 362 1399 566 1438; x_wconf 83' lang='lat' dir='ltr'><strong>excelsius</strong></span> <span class='ocrx_word' id='word_1_183' title='bbox 585 1399 853 1451; x_wconf 85' lang='lat' dir='ltr'><strong>humanaque</strong></span> <span class='ocrx_word' id='word_1_184' title='bbox 873 1399 1083 1451; x_wconf 83' lang='lat' dir='ltr'><strong>sapientia</strong></span> <span class='ocrx_word' id='word_1_185' title='bbox 1102 1399 1282 1451; x_wconf 88' lang='lat' dir='ltr'><strong>dignius,</strong></span> <span class='ocrx_word' id='word_1_186' title='bbox 1313 1399 1424 1451; x_wconf 90' lang='lat' dir='ltr'><strong>quod</strong></span> <span class='ocrx_word' id='word_1_187' title='bbox 1452 1414 1522 1439; x_wconf 89' lang='lat' dir='ltr'><strong>eos</strong></span> <span class='ocrx_word' id='word_1_188' title='bbox 1550 1399 1596 1438; x_wconf 92' lang='lat' dir='ltr'><strong>in</strong></span> <span class='ocrx_word' id='word_1_189' title='bbox 1623 1399 1733 1439; x_wconf 89' lang='lat' dir='ltr'><strong>hanc</strong></span> <span class='ocrx_word' id='word_1_190' title='bbox 1763 1399 1877 1439; x_wconf 85' lang='lat' dir='ltr'><strong>viam</strong></span> <span class='ocrx_word' id='word_1_191' title='bbox 1906 1400 2105 1439; x_wconf 84' lang='lat' dir='ltr'><strong>historiae</strong></span> <span class='ocrx_word' id='word_1_192' title='bbox 2126 1401 2452 1440; x_wconf 83' lang='lat' dir='ltr'><strong>conscribendae</strong></span> 
     </span>
     <span class='ocr_line' id='line_1_20' title="bbox 363 1464 2449 1518; baseline 0 -14"><span class='ocrx_word' id='word_1_193' title='bbox 363 1465 545 1518; x_wconf 81' lang='lat' dir='ltr'><strong>impulit.</strong></span> <span class='ocrx_word' id='word_1_194' title='bbox 604 1464 761 1503; x_wconf 88' lang='lat' dir='ltr'><strong>etenim</strong></span> <span class='ocrx_word' id='word_1_195' title='bbox 788 1479 884 1504; x_wconf 90' lang='lat' dir='ltr'><strong>cum</strong></span> <span class='ocrx_word' id='word_1_196' title='bbox 912 1465 1059 1514; x_wconf 83' lang='lat' dir='ltr'><strong>vitam,</strong></span> <span class='ocrx_word' id='word_1_197' title='bbox 1090 1479 1195 1517; x_wconf 89' lang='lat' dir='ltr'><strong>quae</strong></span> <span class='ocrx_word' id='word_1_198' title='bbox 1221 1470 1311 1504; x_wconf 89' lang='lat' dir='ltr'><strong>tum</strong></span> <span class='ocrx_word' id='word_1_199' title='bbox 1331 1465 1424 1514; x_wconf 83' lang='lat' dir='ltr'><strong>fuit,</strong></span> <span class='ocrx_word' id='word_1_200' title='bbox 1456 1465 1671 1518; x_wconf 88' lang='lat' dir='ltr'><strong>publicam</strong></span> <span class='ocrx_word' id='word_1_201' title='bbox 1701 1464 1928 1518; x_wconf 83' lang='lat' dir='ltr'><strong>depingere</strong></span> <span class='ocrx_word' id='word_1_202' title='bbox 1947 1465 2107 1505; x_wconf 89' lang='lat' dir='ltr'><strong>vellent</strong></span> <span class='ocrx_word' id='word_1_203' title='bbox 2137 1471 2179 1505; x_wconf 89' lang='lat' dir='ltr'><strong>et</strong></span> <span class='ocrx_word' id='word_1_204' title='bbox 2209 1471 2449 1505; x_wconf 87' lang='lat' dir='ltr'><strong>accuratam</strong></span> 
     </span>
     <span class='ocr_line' id='line_1_21' title="bbox 364 1529 2450 1584; baseline 0 -14"><span class='ocrx_word' id='word_1_205' title='bbox 364 1531 453 1570; x_wconf 90' lang='lat' dir='ltr'><strong>eius</strong></span> <span class='ocrx_word' id='word_1_206' title='bbox 488 1530 722 1584; x_wconf 86' lang='lat' dir='ltr'><strong>exprimere</strong></span> <span class='ocrx_word' id='word_1_207' title='bbox 757 1530 1005 1583; x_wconf 86' lang='lat' dir='ltr'><strong>imaginem,</strong></span> <span class='ocrx_word' id='word_1_208' title='bbox 1048 1529 1186 1571; x_wconf 88' lang='lat' dir='ltr'><strong>facere</strong></span> <span class='ocrx_word' id='word_1_209' title='bbox 1219 1545 1304 1570; x_wconf 93' lang='lat' dir='ltr'><strong>non</strong></span> <span class='ocrx_word' id='word_1_210' title='bbox 1343 1537 1558 1584; x_wconf 88' lang='lat' dir='ltr'><strong>poterant,</strong></span> <span class='ocrx_word' id='word_1_211' title='bbox 1601 1531 1702 1583; x_wconf 91' lang='lat' dir='ltr'><strong>quin</strong></span> <span class='ocrx_word' id='word_1_212' title='bbox 1732 1546 1780 1571; x_wconf 91' lang='lat' dir='ltr'><strong>ea</strong></span> <span class='ocrx_word' id='word_1_213' title='bbox 1814 1531 2022 1581; x_wconf 88' lang='lat' dir='ltr'><strong>instituta,</strong></span> <span class='ocrx_word' id='word_1_214' title='bbox 2060 1532 2210 1583; x_wconf 88' lang='lat' dir='ltr'><strong>quibus</strong></span> <span class='ocrx_word' id='word_1_215' title='bbox 2245 1537 2336 1571; x_wconf 90' lang='lat' dir='ltr'><strong>tum</strong></span> <span class='ocrx_word' id='word_1_216' title='bbox 2371 1546 2450 1572; x_wconf 89' lang='lat' dir='ltr'><strong>res-</strong></span> 
     </span>
     <span class='ocr_line' id='line_1_22' title="bbox 361 1596 2450 1650; baseline 0 -14"><span class='ocrx_word' id='word_1_217' title='bbox 361 1597 557 1650; x_wconf 88' lang='lat' dir='ltr'><strong>publicae</strong></span> <span class='ocrx_word' id='word_1_218' title='bbox 586 1611 663 1650; x_wconf 90' lang='lat' dir='ltr'><strong>pro</strong></span> <span class='ocrx_word' id='word_1_219' title='bbox 692 1596 982 1636; x_wconf 88' lang='lat' dir='ltr'><strong>fundamentis</strong></span> <span class='ocrx_word' id='word_1_220' title='bbox 1017 1596 1257 1646; x_wconf 87' lang='lat' dir='ltr'><strong>utebantur,</strong></span> <span class='ocrx_word' id='word_1_221' title='bbox 1294 1597 1522 1647; x_wconf 85' lang='lat' dir='ltr'><strong>contiones,</strong></span> <span class='ocrx_word' id='word_1_222' title='bbox 1558 1597 1725 1647; x_wconf 89' lang='lat' dir='ltr'><strong>iudicia,</strong></span> <span class='ocrx_word' id='word_1_223' title='bbox 1761 1603 1965 1647; x_wconf 88' lang='lat' dir='ltr'><strong>senatum,</strong></span> <span class='ocrx_word' id='word_1_224' title='bbox 2002 1602 2101 1637; x_wconf 88' lang='lat' dir='ltr'><strong>ante</strong></span> <span class='ocrx_word' id='word_1_225' title='bbox 2136 1598 2278 1637; x_wconf 88' lang='lat' dir='ltr'><strong>oculos</strong></span> <span class='ocrx_word' id='word_1_226' title='bbox 2314 1598 2450 1649; x_wconf 89' lang='lat' dir='ltr'><strong>legen-</strong></span> 
     </span>
     <span class='ocr_line' id='line_1_23' title="bbox 361 1661 2451 1715; baseline 0 -14"><span class='ocrx_word' id='word_1_227' title='bbox 361 1662 476 1702; x_wconf 81' lang='lat' dir='ltr'><strong>tibus</strong></span> <span class='ocrx_word' id='word_1_228' title='bbox 511 1667 798 1715; x_wconf 85' lang='lat' dir='ltr'><strong>proponerent</strong></span> <span class='ocrx_word' id='word_1_229' title='bbox 840 1675 919 1700; x_wconf 89' lang='lat' dir='ltr'><strong>nec</strong></span> <span class='ocrx_word' id='word_1_230' title='bbox 954 1661 1176 1713; x_wconf 89' lang='lat' dir='ltr'><strong>quicquam</strong></span> <span class='ocrx_word' id='word_1_231' title='bbox 1219 1676 1268 1700; x_wconf 93' lang='lat' dir='ltr'><strong>ex</strong></span> <span class='ocrx_word' id='word_1_232' title='bbox 1304 1675 1404 1701; x_wconf 86' lang='lat' dir='ltr'><strong>vera</strong></span> <span class='ocrx_word' id='word_1_233' title='bbox 1439 1676 1584 1701; x_wconf 91' lang='lat' dir='ltr'><strong>eorum</strong></span> <span class='ocrx_word' id='word_1_234' title='bbox 1619 1661 1754 1702; x_wconf 87' lang='lat' dir='ltr'><strong>forma</strong></span> <span class='ocrx_word' id='word_1_235' title='bbox 1796 1662 2053 1702; x_wconf 90' lang='lat' dir='ltr'><strong>omitterent.</strong></span> <span class='ocrx_word' id='word_1_236' title='bbox 2111 1662 2237 1714; x_wconf 79' lang='lat' dir='ltr'><strong>quid?</strong></span> <span class='ocrx_word' id='word_1_237' title='bbox 2281 1668 2451 1702; x_wconf 88' lang='lat' dir='ltr'><strong>senatus</strong></span> 
     </span>
     <span class='ocr_line' id='line_1_24' title="bbox 360 1727 2450 1781; baseline 0 -14"><span class='ocrx_word' id='word_1_238' title='bbox 360 1728 546 1768; x_wconf 86' lang='lat' dir='ltr'><strong>Romani</strong></span> <span class='ocrx_word' id='word_1_239' title='bbox 579 1727 862 1775; x_wconf 86' lang='lat' dir='ltr'><strong>maiestatem,</strong></span> <span class='ocrx_word' id='word_1_240' title='bbox 900 1741 983 1779; x_wconf 90' lang='lat' dir='ltr'><strong>qua</strong></span> <span class='ocrx_word' id='word_1_241' title='bbox 1015 1727 1180 1766; x_wconf 89' lang='lat' dir='ltr'><strong>ratione</strong></span> <span class='ocrx_word' id='word_1_242' title='bbox 1213 1727 1362 1766; x_wconf 83' lang='lat' dir='ltr'><strong>melius</strong></span> <span class='ocrx_word' id='word_1_243' title='bbox 1394 1728 1747 1781; x_wconf 91' lang='lat' dir='ltr'><strong>repraesentabis,</strong></span> <span class='ocrx_word' id='word_1_244' title='bbox 1790 1742 1915 1780; x_wconf 86' lang='lat' dir='ltr'><strong>quam</strong></span> <span class='ocrx_word' id='word_1_245' title='bbox 1950 1742 2045 1768; x_wconf 89' lang='lat' dir='ltr'><strong>cum</strong></span> <span class='ocrx_word' id='word_1_246' title='bbox 2086 1728 2274 1780; x_wconf 90' lang='lat' dir='ltr'><strong>singulos</strong></span> <span class='ocrx_word' id='word_1_247' title='bbox 2308 1735 2450 1781; x_wconf 89' lang='lat' dir='ltr'><strong>patres</strong></span> 
     </span>
     <span class='ocr_line' id='line_1_25' title="bbox 361 1792 2447 1847; baseline 0 -14"><span class='ocrx_word' id='word_1_248' title='bbox 361 1793 595 1833; x_wconf 82' lang='lat' dir='ltr'><strong>sententias</strong></span> <span class='ocrx_word' id='word_1_249' title='bbox 625 1792 812 1833; x_wconf 89' lang='lat' dir='ltr'><strong>dicentes</strong></span> <span class='ocrx_word' id='word_1_250' title='bbox 842 1792 1039 1832; x_wconf 81' lang='lat' dir='ltr'><strong>induces?</strong></span> <span class='ocrx_word' id='word_1_251' title='bbox 1084 1797 1158 1832; x_wconf 88' lang='lat' dir='ltr'><strong>aut</strong></span> <span class='ocrx_word' id='word_1_252' title='bbox 1200 1793 1415 1832; x_wconf 88' lang='lat' dir='ltr'><strong>contiones</strong></span> <span class='ocrx_word' id='word_1_253' title='bbox 1446 1793 1687 1844; x_wconf 81' lang='lat' dir='ltr'><strong>Quiritium,</strong></span> <span class='ocrx_word' id='word_1_254' title='bbox 1732 1793 1940 1846; x_wconf 90' lang='lat' dir='ltr'><strong>quomodo</strong></span> <span class='ocrx_word' id='word_1_255' title='bbox 1984 1793 2136 1834; x_wconf 87' lang='lat' dir='ltr'><strong>clarius</strong></span> <span class='ocrx_word' id='word_1_256' title='bbox 2178 1794 2447 1847; x_wconf 88' lang='lat' dir='ltr'><strong>significabis,</strong></span> 
     </span>
     <span class='ocr_line' id='line_1_26' title="bbox 361 1858 2449 1912; baseline 0 -13"><span class='ocrx_word' id='word_1_257' title='bbox 361 1874 489 1911; x_wconf 91' lang='lat' dir='ltr'><strong>quam</strong></span> <span class='ocrx_word' id='word_1_258' title='bbox 519 1873 614 1899; x_wconf 90' lang='lat' dir='ltr'><strong>cum</strong></span> <span class='ocrx_word' id='word_1_259' title='bbox 642 1858 781 1898; x_wconf 87' lang='lat' dir='ltr'><strong>forum</strong></span> <span class='ocrx_word' id='word_1_260' title='bbox 810 1859 1051 1898; x_wconf 83' lang='lat' dir='ltr'><strong>Romanmn</strong></span> <span class='ocrx_word' id='word_1_261' title='bbox 1079 1859 1346 1898; x_wconf 88' lang='lat' dir='ltr'><strong>tribunorum</strong></span> <span class='ocrx_word' id='word_1_262' title='bbox 1374 1859 1549 1899; x_wconf 89' lang='lat' dir='ltr'><strong>vocibus</strong></span> <span class='ocrx_word' id='word_1_263' title='bbox 1578 1859 1795 1912; x_wconf 89' lang='lat' dir='ltr'><strong>personari</strong></span> <span class='ocrx_word' id='word_1_264' title='bbox 1814 1858 1970 1899; x_wconf 79' lang='lat' dir='ltr'><strong>facies?</strong></span> <span class='ocrx_word' id='word_1_265' title='bbox 2026 1859 2153 1912; x_wconf 79' lang='lat' dir='ltr'><strong>quid?</strong></span> <span class='ocrx_word' id='word_1_266' title='bbox 2189 1860 2300 1912; x_wconf 92' lang='lat' dir='ltr'><strong>quod</strong></span> <span class='ocrx_word' id='word_1_267' title='bbox 2325 1860 2449 1900; x_wconf 89' lang='lat' dir='ltr'><strong>reful-</strong></span> 
     </span>
     <span class='ocr_line' id='line_1_27' title="bbox 361 1924 2449 1980; baseline 0 -15"><span class='ocrx_word' id='word_1_268' title='bbox 361 1930 510 1978; x_wconf 86' lang='lat' dir='ltr'><strong>gentes</strong></span> <span class='ocrx_word' id='word_1_269' title='bbox 538 1925 757 1965; x_wconf 89' lang='lat' dir='ltr'><strong>hastarum</strong></span> <span class='ocrx_word' id='word_1_270' title='bbox 775 1925 948 1979; x_wconf 87' lang='lat' dir='ltr'><strong>spiculis</strong></span> <span class='ocrx_word' id='word_1_271' title='bbox 977 1924 1087 1965; x_wconf 86' lang='lat' dir='ltr'><strong>acies</strong></span> <span class='ocrx_word' id='word_1_272' title='bbox 1115 1925 1270 1964; x_wconf 88' lang='lat' dir='ltr'><strong>nostris</strong></span> <span class='ocrx_word' id='word_1_273' title='bbox 1289 1925 1419 1965; x_wconf 86' lang='lat' dir='ltr'><strong>oculis</strong></span> <span class='ocrx_word' id='word_1_274' title='bbox 1449 1930 1640 1979; x_wconf 89' lang='lat' dir='ltr'><strong>spectare</strong></span> <span class='ocrx_word' id='word_1_275' title='bbox 1668 1925 1872 1976; x_wconf 88' lang='lat' dir='ltr'><strong>videmur,</strong></span> <span class='ocrx_word' id='word_1_276' title='bbox 1903 1940 1997 1966; x_wconf 90' lang='lat' dir='ltr'><strong>cum</strong></span> <span class='ocrx_word' id='word_1_277' title='bbox 2025 1925 2327 1980; x_wconf 90' lang='lat' dir='ltr'><strong>imperatorum</strong></span> <span class='ocrx_word' id='word_1_278' title='bbox 2347 1942 2449 1980; x_wconf 90' lang='lat' dir='ltr'><strong>pug-</strong></span> 
     </span>
    </p>
   </div>
   <div class='ocr_carea' id='block_1_4' title="bbox 332 1990 2449 2043">
    <p class='ocr_par' dir='ltr' id='par_1_5' title="bbox 332 1990 2449 2043">
     <span class='ocr_line' id='line_1_28' title="bbox 332 1990 2449 2043; baseline 0 -12"><span class='ocrx_word' id='word_1_279' title='bbox 332 2005 461 2039; x_wconf 63' lang='lat' dir='ltr'><strong>⁴nam</strong></span> <span class='ocrx_word' id='word_1_280' title='bbox 495 1991 850 2031; x_wconf 88' lang='lat' dir='ltr'><strong>committentium</strong></span> <span class='ocrx_word' id='word_1_281' title='bbox 892 1991 1085 2043; x_wconf 89' lang='lat' dir='ltr'><strong>ingentia</strong></span> <span class='ocrx_word' id='word_1_282' title='bbox 1126 1991 1257 2030; x_wconf 89' lang='lat' dir='ltr'><strong>verba</strong></span> <span class='ocrx_word' id='word_1_283' title='bbox 1299 1990 1517 2030; x_wconf 82' lang='lat' dir='ltr'><strong>audimus?</strong></span> <span class='ocrx_word' id='word_1_284' title='bbox 1552 2014 1605 2018; x_wconf 53' lang='grc'><strong>«-</strong></span> <span class='ocrx_word' id='word_1_285' title='bbox 1639 2005 1717 2030; x_wconf 89' lang='lat' dir='ltr'><strong>nec</strong></span> <span class='ocrx_word' id='word_1_286' title='bbox 1759 1991 1894 2031; x_wconf 91' lang='lat' dir='ltr'><strong>solum</strong></span> <span class='ocrx_word' id='word_1_287' title='bbox 1936 1996 1985 2031; x_wconf 89' lang='lat' dir='ltr'><strong>ut</strong></span> <span class='ocrx_word' id='word_1_288' title='bbox 2026 2005 2165 2031; x_wconf 88' lang='lat' dir='ltr'><strong>rerum</strong></span> <span class='ocrx_word' id='word_1_289' title='bbox 2209 1997 2449 2032; x_wconf 86' lang='lat' dir='ltr'><strong>accuratam</strong></span> 
     </span>
    </p>
   </div>
   <div class='ocr_carea' id='block_1_5' title="bbox 355 2056 2449 3157">
    <p class='ocr_par' dir='ltr' id='par_1_6' title="bbox 359 2056 2449 2635">
     <span class='ocr_line' id='line_1_29' title="bbox 360 2056 2449 2109; baseline 0.001 -14"><span class='ocrx_word' id='word_1_290' title='bbox 360 2056 568 2096; x_wconf 87' lang='lat' dir='ltr'><strong>referrent</strong></span> <span class='ocrx_word' id='word_1_291' title='bbox 596 2057 825 2109; x_wconf 89' lang='lat' dir='ltr'><strong>imaginem</strong></span> <span class='ocrx_word' id='word_1_292' title='bbox 854 2061 1017 2095; x_wconf 88' lang='lat' dir='ltr'><strong>veteres</strong></span> <span class='ocrx_word' id='word_1_293' title='bbox 1045 2056 1256 2095; x_wconf 86' lang='lat' dir='ltr'><strong>orationes</strong></span> <span class='ocrx_word' id='word_1_294' title='bbox 1286 2057 1482 2109; x_wconf 86' lang='lat' dir='ltr'><strong>operibus</strong></span> <span class='ocrx_word' id='word_1_295' title='bbox 1516 2057 1793 2107; x_wconf 90' lang='lat' dir='ltr'><strong>inseruerunt,</strong></span> <span class='ocrx_word' id='word_1_296' title='bbox 1829 2070 1977 2096; x_wconf 90' lang='lat' dir='ltr'><strong>verum</strong></span> <span class='ocrx_word' id='word_1_297' title='bbox 2012 2057 2141 2096; x_wconf 89' lang='lat' dir='ltr'><strong>etiam</strong></span> <span class='ocrx_word' id='word_1_298' title='bbox 2176 2062 2224 2096; x_wconf 89' lang='lat' dir='ltr'><strong>ut</strong></span> <span class='ocrx_word' id='word_1_299' title='bbox 2257 2057 2449 2097; x_wconf 89' lang='lat' dir='ltr'><strong>homines</strong></span> 
     </span>
     <span class='ocr_line' id='line_1_30' title="bbox 360 2121 2448 2176; baseline 0.001 -15"><span class='ocrx_word' id='word_1_300' title='bbox 360 2123 490 2176; x_wconf 90' lang='lat' dir='ltr'><strong>ipsos,</strong></span> <span class='ocrx_word' id='word_1_301' title='bbox 522 2122 665 2174; x_wconf 88' lang='lat' dir='ltr'><strong>quales</strong></span> <span class='ocrx_word' id='word_1_302' title='bbox 693 2122 870 2170; x_wconf 81' lang='lat' dir='ltr'><strong>fuerint,</strong></span> <span class='ocrx_word' id='word_1_303' title='bbox 908 2136 1014 2174; x_wconf 91' lang='lat' dir='ltr'><strong>quae</strong></span> <span class='ocrx_word' id='word_1_304' title='bbox 1042 2121 1176 2161; x_wconf 89' lang='lat' dir='ltr'><strong>secuti</strong></span> <span class='ocrx_word' id='word_1_305' title='bbox 1205 2122 1290 2160; x_wconf 89' lang='lat' dir='ltr'><strong>sint</strong></span> <span class='ocrx_word' id='word_1_306' title='bbox 1320 2122 1495 2161; x_wconf 90' lang='lat' dir='ltr'><strong>consilia</strong></span> <span class='ocrx_word' id='word_1_307' title='bbox 1523 2122 1763 2173; x_wconf 90' lang='lat' dir='ltr'><strong>studiaque,</strong></span> <span class='ocrx_word' id='word_1_308' title='bbox 1796 2123 1945 2174; x_wconf 89' lang='lat' dir='ltr'><strong>quibus</strong></span> <span class='ocrx_word' id='word_1_309' title='bbox 1972 2123 2204 2162; x_wconf 82' lang='lat' dir='ltr'><strong>virtutibus</strong></span> <span class='ocrx_word' id='word_1_310' title='bbox 2239 2123 2294 2163; x_wconf 91' lang='lat' dir='ltr'><strong>ad</strong></span> <span class='ocrx_word' id='word_1_311' title='bbox 2333 2123 2448 2163; x_wconf 84' lang='lat' dir='ltr'><strong>fasti-</strong></span> 
     </span>
     <span class='ocr_line' id='line_1_31' title="bbox 360 2187 2449 2241; baseline 0 -13"><span class='ocrx_word' id='word_1_312' title='bbox 360 2188 479 2241; x_wconf 89' lang='lat' dir='ltr'><strong>gium</strong></span> <span class='ocrx_word' id='word_1_313' title='bbox 507 2188 667 2241; x_wconf 90' lang='lat' dir='ltr'><strong>gloriae</strong></span> <span class='ocrx_word' id='word_1_314' title='bbox 702 2188 850 2236; x_wconf 84' lang='lat' dir='ltr'><strong>evecti,</strong></span> <span class='ocrx_word' id='word_1_315' title='bbox 896 2188 1046 2240; x_wconf 87' lang='lat' dir='ltr'><strong>quibus</strong></span> <span class='ocrx_word' id='word_1_316' title='bbox 1075 2187 1191 2227; x_wconf 89' lang='lat' dir='ltr'><strong>vitiis</strong></span> <span class='ocrx_word' id='word_1_317' title='bbox 1234 2187 1289 2227; x_wconf 87' lang='lat' dir='ltr'><strong>ad</strong></span> <span class='ocrx_word' id='word_1_318' title='bbox 1332 2188 1508 2227; x_wconf 89' lang='lat' dir='ltr'><strong>exitium</strong></span> <span class='ocrx_word' id='word_1_319' title='bbox 1557 2187 1642 2228; x_wconf 91' lang='lat' dir='ltr'><strong>sint</strong></span> <span class='ocrx_word' id='word_1_320' title='bbox 1685 2188 1873 2238; x_wconf 86' lang='lat' dir='ltr'><strong>adducti,</strong></span> <span class='ocrx_word' id='word_1_321' title='bbox 1919 2188 2182 2241; x_wconf 87' lang='lat' dir='ltr'><strong>posteritatis</strong></span> <span class='ocrx_word' id='word_1_322' title='bbox 2224 2189 2449 2229; x_wconf 88' lang='lat' dir='ltr'><strong>memoriae</strong></span> 
     </span>
     <span class='ocr_line' id='line_1_32' title="bbox 363 2252 2444 2306; baseline 0 -13"><span class='ocrx_word' id='word_1_323' title='bbox 363 2253 628 2294; x_wconf 89' lang='lat' dir='ltr'><strong>mandarent.</strong></span> <span class='ocrx_word' id='word_1_324' title='bbox 671 2253 877 2293; x_wconf 88' lang='lat' dir='ltr'><strong>Periclem</strong></span> <span class='ocrx_word' id='word_1_325' title='bbox 897 2252 1078 2306; x_wconf 90' lang='lat' dir='ltr'><strong>quidem,</strong></span> <span class='ocrx_word' id='word_1_326' title='bbox 1098 2252 1438 2293; x_wconf 88' lang='lat' dir='ltr'><strong>florentissimam</strong></span> <span class='ocrx_word' id='word_1_327' title='bbox 1458 2266 1548 2292; x_wconf 89' lang='lat' dir='ltr'><strong>rem</strong></span> <span class='ocrx_word' id='word_1_328' title='bbox 1567 2252 1781 2306; x_wconf 82' lang='lat' dir='ltr'><strong>publicam</strong></span> <span class='ocrx_word' id='word_1_329' title='bbox 1801 2253 1961 2305; x_wconf 90' lang='lat' dir='ltr'><strong>ingenii</strong></span> <span class='ocrx_word' id='word_1_330' title='bbox 1980 2253 2211 2293; x_wconf 88' lang='lat' dir='ltr'><strong>virtutibus</strong></span> <span class='ocrx_word' id='word_1_331' title='bbox 2232 2253 2287 2293; x_wconf 92' lang='lat' dir='ltr'><strong>ad</strong></span> <span class='ocrx_word' id='word_1_332' title='bbox 2302 2254 2444 2294; x_wconf 90' lang='lat' dir='ltr'><strong>omnia</strong></span> 
     </span>
     <span class='ocr_line' id='line_1_33' title="bbox 360 2318 2443 2373; baseline 0 -15"><span class='ocrx_word' id='word_1_333' title='bbox 360 2320 579 2373; x_wconf 89' lang='lat' dir='ltr'><strong>praeclara</strong></span> <span class='ocrx_word' id='word_1_334' title='bbox 606 2319 796 2358; x_wconf 84' lang='lat' dir='ltr'><strong>facinora</strong></span> <span class='ocrx_word' id='word_1_335' title='bbox 825 2324 1018 2370; x_wconf 85' lang='lat' dir='ltr'><strong>artesque</strong></span> <span class='ocrx_word' id='word_1_336' title='bbox 1046 2318 1253 2369; x_wconf 89' lang='lat' dir='ltr'><strong>ingenuas</strong></span> <span class='ocrx_word' id='word_1_337' title='bbox 1282 2318 1582 2370; x_wconf 88' lang='lat' dir='ltr'><strong>impellentem,</strong></span> <span class='ocrx_word' id='word_1_338' title='bbox 1614 2324 1757 2357; x_wconf 90' lang='lat' dir='ltr'><strong>utrum</strong></span> <span class='ocrx_word' id='word_1_339' title='bbox 1785 2319 2027 2358; x_wconf 88' lang='lat' dir='ltr'><strong>narratione</strong></span> <span class='ocrx_word' id='word_1_340' title='bbox 2055 2320 2125 2359; x_wconf 90' lang='lat' dir='ltr'><strong>vel</strong></span> <span class='ocrx_word' id='word_1_341' title='bbox 2154 2319 2443 2373; x_wconf 90' lang='lat' dir='ltr'><strong>disputatione</strong></span> 
     </span>
     <span class='ocr_line' id='line_1_34' title="bbox 363 2382 2449 2437; baseline -0 -13"><span class='ocrx_word' id='word_1_342' title='bbox 363 2384 556 2437; x_wconf 86' lang='lat' dir='ltr'><strong>quamvis</strong></span> <span class='ocrx_word' id='word_1_343' title='bbox 598 2384 819 2436; x_wconf 87' lang='lat' dir='ltr'><strong>ingeniosa</strong></span> <span class='ocrx_word' id='word_1_344' title='bbox 846 2397 902 2423; x_wconf 91' lang='lat' dir='ltr'><strong>an</strong></span> <span class='ocrx_word' id='word_1_345' title='bbox 929 2383 1120 2423; x_wconf 87' lang='lat' dir='ltr'><strong>oratione</strong></span> <span class='ocrx_word' id='word_1_346' title='bbox 1150 2383 1337 2436; x_wconf 90' lang='lat' dir='ltr'><strong>Olympii</strong></span> <span class='ocrx_word' id='word_1_347' title='bbox 1379 2382 1493 2422; x_wconf 83' lang='lat' dir='ltr'><strong>Iovis</strong></span> <span class='ocrx_word' id='word_1_348' title='bbox 1522 2382 1787 2422; x_wconf 87' lang='lat' dir='ltr'><strong>maiestatem</strong></span> <span class='ocrx_word' id='word_1_349' title='bbox 1821 2383 2028 2424; x_wconf 87' lang='lat' dir='ltr'><strong>referente</strong></span> <span class='ocrx_word' id='word_1_350' title='bbox 2049 2383 2273 2424; x_wconf 91' lang='lat' dir='ltr'><strong>dilucidius</strong></span> <span class='ocrx_word' id='word_1_351' title='bbox 2300 2384 2449 2437; x_wconf 90' lang='lat' dir='ltr'><strong>effingi</strong></span> 
     </span>
     <span class='ocr_line' id='line_1_35' title="bbox 359 2444 2445 2503; baseline 0 -14"><span class='ocrx_word' id='word_1_352' title='bbox 359 2452 584 2503; x_wconf 60' lang='lat' dir='ltr'><strong>putamus?</strong></span> <span class='ocrx_word' id='word_1_353' title='bbox 642 2449 768 2500; x_wconf 82' lang='lat' dir='ltr'><strong>quid?</strong></span> <span class='ocrx_word' id='word_1_354' title='bbox 826 2449 1070 2497; x_wconf 85' lang='lat' dir='ltr'><strong>Catilinam,</strong></span> <span class='ocrx_word' id='word_1_355' title='bbox 1108 2449 1252 2487; x_wconf 91' lang='lat' dir='ltr'><strong>orbem</strong></span> <span class='ocrx_word' id='word_1_356' title='bbox 1287 2454 1495 2486; x_wconf 88' lang='lat' dir='ltr'><strong>terrarum</strong></span> <span class='ocrx_word' id='word_1_357' title='bbox 1531 2447 1641 2486; x_wconf 87' lang='lat' dir='ltr'><strong>ferro</strong></span> <span class='ocrx_word' id='word_1_358' title='bbox 1678 2454 1719 2487; x_wconf 88' lang='lat' dir='ltr'><strong>et</strong></span> <span class='ocrx_word' id='word_1_359' title='bbox 1754 2444 1957 2487; x_wconf 84' lang='lat' dir='ltr'><strong>incendiis</strong></span> <span class='ocrx_word' id='word_1_360' title='bbox 1990 2455 2158 2489; x_wconf 84' lang='lat' dir='ltr'><strong>vastare</strong></span> <span class='ocrx_word' id='word_1_361' title='bbox 2193 2451 2445 2502; x_wconf 89' lang='lat' dir='ltr'><strong>cupientem,</strong></span> 
     </span>
     <span class='ocr_line' id='line_1_36' title="bbox 359 2508 2447 2568; baseline 0 -14"><span class='ocrx_word' id='word_1_362' title='bbox 359 2515 463 2568; x_wconf 87' lang='lat' dir='ltr'><strong>quis,</strong></span> <span class='ocrx_word' id='word_1_363' title='bbox 495 2514 629 2567; x_wconf 89' lang='lat' dir='ltr'><strong>qualis</strong></span> <span class='ocrx_word' id='word_1_364' title='bbox 659 2513 800 2564; x_wconf 88' lang='lat' dir='ltr'><strong>fuerit,</strong></span> <span class='ocrx_word' id='word_1_365' title='bbox 831 2513 980 2553; x_wconf 88' lang='lat' dir='ltr'><strong>melius</strong></span> <span class='ocrx_word' id='word_1_366' title='bbox 1009 2513 1240 2566; x_wconf 86' lang='lat' dir='ltr'><strong>intelleget,</strong></span> <span class='ocrx_word' id='word_1_367' title='bbox 1272 2527 1396 2566; x_wconf 87' lang='lat' dir='ltr'><strong>quam</strong></span> <span class='ocrx_word' id='word_1_368' title='bbox 1426 2512 1498 2565; x_wconf 90' lang='lat' dir='ltr'><strong>qui</strong></span> <span class='ocrx_word' id='word_1_369' title='bbox 1541 2512 1672 2566; x_wconf 86' lang='lat' dir='ltr'><strong>ipsius</strong></span> <span class='ocrx_word' id='word_1_370' title='bbox 1706 2513 1835 2553; x_wconf 88' lang='lat' dir='ltr'><strong>verba</strong></span> <span class='ocrx_word' id='word_1_371' title='bbox 1864 2508 2144 2555; x_wconf 85' lang='lat' dir='ltr'><strong>simulationis</strong></span> <span class='ocrx_word' id='word_1_372' title='bbox 2174 2530 2222 2555; x_wconf 90' lang='lat' dir='ltr'><strong>ac</strong></span> <span class='ocrx_word' id='word_1_373' title='bbox 2251 2516 2447 2556; x_wconf 89' lang='lat' dir='ltr'><strong>vesaniae</strong></span> 
     </span>
     <span class='ocr_line' id='line_1_37' title="bbox 361 2574 2017 2635; baseline 0 -15"><span class='ocrx_word' id='word_1_374' title='bbox 361 2582 489 2635; x_wconf 89' lang='lat' dir='ltr'><strong>plena</strong></span> <span class='ocrx_word' id='word_1_375' title='bbox 517 2580 755 2620; x_wconf 81' lang='lat' dir='ltr'><strong>audiverit?</strong></span> <span class='ocrx_word' id='word_1_376' title='bbox 2015 2574 2017 2577; x_wconf 50' lang='grc'>’</span> 
     </span>
    </p>

    <p class='ocr_par' dir='ltr' id='par_1_7' title="bbox 355 2644 2449 3157">
     <span class='ocr_line' id='line_1_38' title="bbox 489 2644 2447 2699; baseline -0.001 -13"><span class='ocrx_word' id='word_1_377' title='bbox 489 2646 630 2699; x_wconf 89' lang='lat' dir='ltr'><strong>Atque</strong></span> <span class='ocrx_word' id='word_1_378' title='bbox 665 2646 772 2686; x_wconf 91' lang='lat' dir='ltr'><strong>illud</strong></span> <span class='ocrx_word' id='word_1_379' title='bbox 807 2646 995 2686; x_wconf 83' lang='lat' dir='ltr'><strong>studium</strong></span> <span class='ocrx_word' id='word_1_380' title='bbox 1025 2644 1264 2685; x_wconf 89' lang='lat' dir='ltr'><strong>orationum</strong></span> <span class='ocrx_word' id='word_1_381' title='bbox 1298 2644 1628 2696; x_wconf 87' lang='lat' dir='ltr'><strong>inligandarum,</strong></span> <span class='ocrx_word' id='word_1_382' title='bbox 1664 2650 1712 2684; x_wconf 91' lang='lat' dir='ltr'><strong>ut</strong></span> <span class='ocrx_word' id='word_1_383' title='bbox 1746 2645 1957 2698; x_wconf 88' lang='lat' dir='ltr'><strong>elegantia</strong></span> <span class='ocrx_word' id='word_1_384' title='bbox 1991 2651 2034 2686; x_wconf 89' lang='lat' dir='ltr'><strong>et</strong></span> <span class='ocrx_word' id='word_1_385' title='bbox 2068 2646 2262 2686; x_wconf 90' lang='lat' dir='ltr'><strong>doctrina</strong></span> <span class='ocrx_word' id='word_1_386' title='bbox 2290 2660 2447 2697; x_wconf 89' lang='lat' dir='ltr'><strong>recens,</strong></span> 
     </span>
     <span class='ocr_line' id='line_1_39' title="bbox 356 2707 2445 2767; baseline -0 -14"><span class='ocrx_word' id='word_1_387' title='bbox 356 2713 419 2753; x_wconf 90' lang='lat' dir='ltr'><strong>ita</strong></span> <span class='ocrx_word' id='word_1_388' title='bbox 447 2727 492 2753; x_wconf 93' lang='lat' dir='ltr'><strong>re</strong></span> <span class='ocrx_word' id='word_1_389' title='bbox 521 2713 613 2766; x_wconf 91' lang='lat' dir='ltr'><strong>ipsa</strong></span> <span class='ocrx_word' id='word_1_390' title='bbox 632 2718 842 2767; x_wconf 84' lang='lat' dir='ltr'><strong>pervetus.</strong></span> <span class='ocrx_word' id='word_1_391' title='bbox 900 2726 1000 2752; x_wconf 89' lang='lat' dir='ltr'><strong>nam</strong></span> <span class='ocrx_word' id='word_1_392' title='bbox 1025 2711 1095 2752; x_wconf 89' lang='lat' dir='ltr'><strong>vel</strong></span> <span class='ocrx_word' id='word_1_393' title='bbox 1120 2710 1420 2763; x_wconf 89' lang='lat' dir='ltr'><strong>antiquissimis</strong></span> <span class='ocrx_word' id='word_1_394' title='bbox 1447 2710 1721 2763; x_wconf 88' lang='lat' dir='ltr'><strong>temporibus,</strong></span> <span class='ocrx_word' id='word_1_395' title='bbox 1753 2707 1831 2764; x_wconf 85' lang='lat' dir='ltr'><strong>qui</strong></span> <span class='ocrx_word' id='word_1_396' title='bbox 1852 2712 1918 2752; x_wconf 86' lang='lat' dir='ltr'><strong>res</strong></span> <span class='ocrx_word' id='word_1_397' title='bbox 1937 2712 2191 2766; x_wconf 91' lang='lat' dir='ltr'><strong>populorum</strong></span> <span class='ocrx_word' id='word_1_398' title='bbox 2215 2726 2445 2764; x_wconf 89' lang='lat' dir='ltr'><strong>regumque</strong></span> 
     </span>
     <span class='ocr_line' id='line_1_40' title="bbox 358 2776 2445 2832; baseline 0 -15"><span class='ocrx_word' id='word_1_399' title='bbox 358 2778 714 2832; x_wconf 87' lang='lat' dir='ltr'><strong>conscripserunt,</strong></span> <span class='ocrx_word' id='word_1_400' title='bbox 758 2778 848 2818; x_wconf 85' lang='lat' dir='ltr'><strong>sive</strong></span> <span class='ocrx_word' id='word_1_401' title='bbox 889 2777 1056 2832; x_wconf 90' lang='lat' dir='ltr'><strong>poetica</strong></span> <span class='ocrx_word' id='word_1_402' title='bbox 1098 2782 1189 2817; x_wconf 89' lang='lat' dir='ltr'><strong>arte</strong></span> <span class='ocrx_word' id='word_1_403' title='bbox 1232 2782 1274 2816; x_wconf 89' lang='lat' dir='ltr'><strong>et</strong></span> <span class='ocrx_word' id='word_1_404' title='bbox 1316 2791 1439 2817; x_wconf 86' lang='lat' dir='ltr'><strong>versu</strong></span> <span class='ocrx_word' id='word_1_405' title='bbox 1481 2776 1609 2816; x_wconf 90' lang='lat' dir='ltr'><strong>heroo</strong></span> <span class='ocrx_word' id='word_1_406' title='bbox 1652 2776 1870 2818; x_wconf 88' lang='lat' dir='ltr'><strong>decoratas</strong></span> <span class='ocrx_word' id='word_1_407' title='bbox 1904 2778 1993 2819; x_wconf 79' lang='lat' dir='ltr'><strong>sive</strong></span> <span class='ocrx_word' id='word_1_408' title='bbox 2021 2777 2115 2818; x_wconf 88' lang='lat' dir='ltr'><strong>fuso</strong></span> <span class='ocrx_word' id='word_1_409' title='bbox 2146 2783 2189 2818; x_wconf 87' lang='lat' dir='ltr'><strong>et</strong></span> <span class='ocrx_word' id='word_1_410' title='bbox 2216 2777 2445 2830; x_wconf 90' lang='lat' dir='ltr'><strong>tranquillo</strong></span> 
     </span>
     <span class='ocr_line' id='line_1_41' title="bbox 355 2842 2449 2896; baseline -0 -13"><span class='ocrx_word' id='word_1_411' title='bbox 355 2844 569 2883; x_wconf 89' lang='lat' dir='ltr'><strong>scribendi</strong></span> <span class='ocrx_word' id='word_1_412' title='bbox 601 2858 756 2896; x_wconf 86' lang='lat' dir='ltr'><strong>genere</strong></span> <span class='ocrx_word' id='word_1_413' title='bbox 785 2849 1017 2894; x_wconf 80' lang='lat' dir='ltr'><strong>enarratas,</strong></span> <span class='ocrx_word' id='word_1_414' title='bbox 1062 2843 1173 2882; x_wconf 91' lang='lat' dir='ltr'><strong>hanc</strong></span> <span class='ocrx_word' id='word_1_415' title='bbox 1199 2843 1406 2882; x_wconf 90' lang='lat' dir='ltr'><strong>rationem</strong></span> <span class='ocrx_word' id='word_1_416' title='bbox 1435 2842 1568 2882; x_wconf 89' lang='lat' dir='ltr'><strong>secuti</strong></span> <span class='ocrx_word' id='word_1_417' title='bbox 1596 2848 1706 2883; x_wconf 89' lang='lat' dir='ltr'><strong>sunt.</strong></span> <span class='ocrx_word' id='word_1_418' title='bbox 1740 2844 1906 2896; x_wconf 51' lang='lat' dir='ltr'><strong>*itaque</strong></span> <span class='ocrx_word' id='word_1_419' title='bbox 1938 2859 2016 2883; x_wconf 93' lang='lat' dir='ltr'><strong>nec</strong></span> <span class='ocrx_word' id='word_1_420' title='bbox 2050 2845 2272 2893; x_wconf 89' lang='lat' dir='ltr'><strong>Homerus,</strong></span> <span class='ocrx_word' id='word_1_421' title='bbox 2314 2843 2449 2883; x_wconf 88' lang='lat' dir='ltr'><strong>omnis</strong></span> 
     </span>
     <span class='ocr_line' id='line_1_42' title="bbox 355 2908 2449 2962; baseline 0 -13"><span class='ocrx_word' id='word_1_422' title='bbox 355 2909 428 2949; x_wconf 89' lang='lat' dir='ltr'><strong>ille</strong></span> <span class='ocrx_word' id='word_1_423' title='bbox 457 2910 675 2950; x_wconf 88' lang='lat' dir='ltr'><strong>doctrinae</strong></span> <span class='ocrx_word' id='word_1_424' title='bbox 704 2924 873 2962; x_wconf 90' lang='lat' dir='ltr'><strong>parens,</strong></span> <span class='ocrx_word' id='word_1_425' title='bbox 905 2909 1200 2949; x_wconf 86' lang='lat' dir='ltr'><strong>contionantes</strong></span> <span class='ocrx_word' id='word_1_426' title='bbox 1227 2908 1340 2948; x_wconf 91' lang='lat' dir='ltr'><strong>viros</strong></span> <span class='ocrx_word' id='word_1_427' title='bbox 1367 2908 1497 2948; x_wconf 88' lang='lat' dir='ltr'><strong>fortes</strong></span> <span class='ocrx_word' id='word_1_428' title='bbox 1526 2913 1568 2948; x_wconf 90' lang='lat' dir='ltr'><strong>et</strong></span> <span class='ocrx_word' id='word_1_429' title='bbox 1597 2909 1807 2949; x_wconf 88' lang='lat' dir='ltr'><strong>orationes</strong></span> <span class='ocrx_word' id='word_1_430' title='bbox 1836 2910 2073 2962; x_wconf 84' lang='lat' dir='ltr'><strong>incomptas</strong></span> <span class='ocrx_word' id='word_1_431' title='bbox 2102 2909 2226 2949; x_wconf 90' lang='lat' dir='ltr'><strong>modo</strong></span> <span class='ocrx_word' id='word_1_432' title='bbox 2255 2922 2334 2948; x_wconf 91' lang='lat' dir='ltr'><strong>nec</strong></span> <span class='ocrx_word' id='word_1_433' title='bbox 2359 2914 2449 2949; x_wconf 87' lang='lat' dir='ltr'><strong>arte</strong></span> 
     </span>
     <span class='ocr_line' id='line_1_43' title="bbox 356 2972 2447 3028; baseline 0 -14"><span class='ocrx_word' id='word_1_434' title='bbox 356 2974 600 3028; x_wconf 86' lang='lat' dir='ltr'><strong>perpolitaS,</strong></span> <span class='ocrx_word' id='word_1_435' title='bbox 631 2974 756 3015; x_wconf 87' lang='lat' dir='ltr'><strong>modo</strong></span> <span class='ocrx_word' id='word_1_436' title='bbox 776 2986 947 3014; x_wconf 82' lang='lat' dir='ltr'><strong>ornatas</strong></span> <span class='ocrx_word' id='word_1_437' title='bbox 967 2979 1009 3013; x_wconf 89' lang='lat' dir='ltr'><strong>et</strong></span> <span class='ocrx_word' id='word_1_438' title='bbox 1027 2987 1179 3026; x_wconf 87' lang='lat' dir='ltr'><strong>graves</strong></span> <span class='ocrx_word' id='word_1_439' title='bbox 1196 2972 1401 3013; x_wconf 90' lang='lat' dir='ltr'><strong>habentes</strong></span> <span class='ocrx_word' id='word_1_440' title='bbox 1420 2973 1619 3013; x_wconf 88' lang='lat' dir='ltr'><strong>inducere</strong></span> <span class='ocrx_word' id='word_1_441' title='bbox 1647 2972 1884 3025; x_wconf 87' lang='lat' dir='ltr'><strong>dubitabat,</strong></span> <span class='ocrx_word' id='word_1_442' title='bbox 1914 2989 1993 3014; x_wconf 93' lang='lat' dir='ltr'><strong>nec</strong></span> <span class='ocrx_word' id='word_1_443' title='bbox 2022 2973 2281 3024; x_wconf 70' lang='lat' dir='ltr'><strong>Herodotus,</strong></span> <span class='ocrx_word' id='word_1_444' title='bbox 2311 2988 2336 3014; x_wconf 88' lang='lat' dir='ltr'><strong>a</strong></span> <span class='ocrx_word' id='word_1_445' title='bbox 2366 2988 2447 3027; x_wconf 91' lang='lat' dir='ltr'><strong>quo</strong></span> 
     </span>
     <span class='ocr_line' id='line_1_44' title="bbox 357 3028 2445 3092; baseline 0 -13"><span class='ocrx_word' id='word_1_446' title='bbox 357 3042 493 3079; x_wconf 84' lang='lat' dir='ltr'><strong>omnis</strong></span> <span class='ocrx_word' id='word_1_447' title='bbox 513 3041 714 3079; x_wconf 82' lang='lat' dir='ltr'><strong>historiae</strong></span> <span class='ocrx_word' id='word_1_448' title='bbox 742 3040 1068 3079; x_wconf 73' lang='lat' dir='ltr'><strong>conscribendae</strong></span> <span class='ocrx_word' id='word_1_449' title='bbox 1089 3054 1156 3078; x_wconf 87' lang='lat' dir='ltr'><strong>ars</strong></span> <span class='ocrx_word' id='word_1_450' title='bbox 1185 3028 1342 3078; x_wconf 88' lang='lat' dir='ltr'><strong>dicitur</strong></span> <span class='ocrx_word' id='word_1_451' title='bbox 1369 3038 1573 3092; x_wconf 86' lang='lat' dir='ltr'><strong>profecta,</strong></span> <span class='ocrx_word' id='word_1_452' title='bbox 1602 3039 1882 3079; x_wconf 90' lang='lat' dir='ltr'><strong>immortalem</strong></span> <span class='ocrx_word' id='word_1_453' title='bbox 1910 3041 2090 3092; x_wconf 89' lang='lat' dir='ltr'><strong>gloriam</strong></span> <span class='ocrx_word' id='word_1_454' title='bbox 2111 3040 2370 3079; x_wconf 80' lang='lat' dir='ltr'><strong>Graecorum</strong></span> <span class='ocrx_word' id='word_1_455' title='bbox 2390 3040 2445 3080; x_wconf 87' lang='lat' dir='ltr'><strong>de</strong></span> 
     </span>
     <span class='ocr_line' id='line_1_45' title="bbox 355 3104 2444 3157; baseline 0 -12"><span class='ocrx_word' id='word_1_456' title='bbox 355 3106 555 3146; x_wconf 86' lang='lat' dir='ltr'><strong>libertate</strong></span> <span class='ocrx_word' id='word_1_457' title='bbox 585 3105 893 3145; x_wconf 88' lang='lat' dir='ltr'><strong>decertantium</strong></span> <span class='ocrx_word' id='word_1_458' title='bbox 922 3105 1024 3144; x_wconf 69' lang='lat' dir='ltr'><strong>satis</strong></span> <span class='ocrx_word' id='word_1_459' title='bbox 1053 3105 1132 3143; x_wconf 82' lang='lat' dir='ltr'><strong>sibi</strong></span> <span class='ocrx_word' id='word_1_460' title='bbox 1153 3104 1380 3144; x_wconf 87' lang='lat' dir='ltr'><strong>videbatur</strong></span> <span class='ocrx_word' id='word_1_461' title='bbox 1408 3105 1652 3153; x_wconf 85' lang='lat' dir='ltr'><strong>illustrasse,</strong></span> <span class='ocrx_word' id='word_1_462' title='bbox 1683 3105 1763 3144; x_wconf 89' lang='lat' dir='ltr'><strong>nisi</strong></span> <span class='ocrx_word' id='word_1_463' title='bbox 1784 3106 1914 3145; x_wconf 82' lang='lat' dir='ltr'><strong>verba</strong></span> <span class='ocrx_word' id='word_1_464' title='bbox 1942 3105 2146 3145; x_wconf 83' lang='lat' dir='ltr'><strong>facientes</strong></span> <span class='ocrx_word' id='word_1_465' title='bbox 2166 3105 2220 3145; x_wconf 85' lang='lat' dir='ltr'><strong>ad</strong></span> <span class='ocrx_word' id='word_1_466' title='bbox 2239 3105 2444 3157; x_wconf 72' lang='lat' dir='ltr'><strong>populiun</strong></span> 
     </span>
    </p>
   </div>
  </div>
 </body>
</html>
