2831 3637
830 381 914 428 Qui
943 382 1050 422 dura
1077 383 1233 422 nostris
1261 387 1428 435 sceptra
1455 382 1658 422 Poloniae

829 458 1028 499 Excussit
1057 459 1170 512 agris
1199 472 1396 511 armaque
1425 457 1644 508 Scandiae,

884 535 1091 589 Pacisque
1118 534 1276 576 vindex
1304 534 1426 575 iussit
1456 539 1568 575 artes

959 612 1087 650 Flore
1114 625 1225 650 novo
1254 616 1417 650 veteres
1444 611 1619 650 renasci.

829 739 967 781 Saecli
995 740 1207 795 sequentis
1234 740 1490 796 principium
1519 741 1641 796 nigra

829 816 956 857 Velat
982 817 1192 870 gementis
1219 818 1332 858 nube
1362 822 1490 872 caput
1519 818 1698 868 scholae,

883 893 995 932 Nam
1022 899 1148 933 nocte
1172 894 1342 947 Magni
1369 894 1619 934 Friderici

961 970 1095 1009 Stella
1123 970 1283 1010 micans
1311 971 1518 1023 premitur
1547 985 1753 1024 suprema.

828 1097 889 1137 At
917 1098 1113 1138 laetiores
1141 1099 1234 1139 luce
1263 1114 1381 1139 sacra
1409 1100 1480 1153 pio

827 1175 986 1214 Plausu
1013 1181 1190 1229 nepotes
1218 1177 1467 1229 suspicimus
1494 1176 1618 1226 diem,

884 1251 967 1297 Qui
994 1251 1215 1304 splendido
1244 1252 1370 1292 saecli
1397 1252 1532 1292 futuri

959 1327 1171 1381 Tempora
1197 1328 1455 1368 vaticinatur
1484 1334 1591 1369 ortu.

827 1456 1055 1495 Feliciores
1083 1471 1183 1496 nam
1211 1458 1473 1509 genitoribus

827 1531 1013 1573 Victrice
1041 1533 1181 1574 iunxit
1210 1534 1466 1575 Teutonicae
1495 1550 1624 1576 manu

881 1608 1006 1649 Nunc
1034 1609 1314 1664 Imperator
1348 1611 1752 1652 GVILIELMVS

957 1687 1046 1726 Nos
1074 1687 1237 1740 patriae
1265 1687 1365 1727 Pius
1393 1693 1519 1740 atque
1547 1688 1681 1727 Felix.

826 1816 941 1854 Talis
965 1816 1110 1855 schola
1133 1816 1237 1856 haec
1262 1830 1348 1855 non
1372 1818 1593 1857 immemor
1618 1818 1810 1871 auspiciS‚

825 1893 957 1944 Regis
984 1893 1172 1945 benigna
1200 1893 1310 1934 freta
1338 1908 1467 1934 manu
1497 1894 1615 1934 ducis

879 1968 1019 2010 Mores
1047 1969 1263 2009 iuventuti
1291 1985 1422 2023 usque
1450 1970 1575 2010 mites

957 2045 1122 2085 Inseret
1150 2046 1357 2098 ingenuas
1387 2054 1429 2088 et
1458 2053 1582 2087 artes.

823 2175 914 2216 Nec
946 2189 1033 2216 non
1067 2176 1294 2230 Supremi
1327 2178 1383 2218 sit
1411 2192 1572 2219 memor
1599 2178 1704 2220 haec
1732 2180 1891 2232 domm,

823 2253 907 2301 Qui
936 2253 1063 2294 corda
1090 2253 1227 2294 flectit
1255 2254 1427 2294 numine
1456 2255 1709 2308 principum,

878 2330 1066 2370 Ductore
1095 2344 1176 2383 quo
1205 2329 1484 2384 primordium
1513 2345 1648 2382 omne,

954 2407 1107 2446 Exitus
1137 2408 1306 2460 auspice
1336 2422 1416 2460 quo
1444 2408 1665 2461 petendus.

823 2536 993 2575 Tellure
1021 2536 1153 2576 fessos
1182 2537 1253 2589 qui
1282 2551 1472 2577 revocas·
1483 2551 1615 2587 senes,

822 2613 1073 2665 Prolemque
1101 2628 1266 2666 semper
1294 2614 1365 2666 qui
1392 2618 1591 2666 vegetam
1619 2613 1761 2663 refers,

877 2689 1059 2731 Nostrae
1088 2689 1298 2742 benignus
1327 2690 1392 2730 Tu
1419 2689 1658 2744 palaestrae

954 2767 1162 2820 Tempore
1190 2765 1247 2805 sis
1274 2765 1515 2806 moderator
1542 2765 1669 2805 omni.

1346 2943 1609 3043 &deff

2329 240 2602 1200 *A

2539 2660 2597 3310 ᾪ--ᾞ-
