2831 3637
2691 121 2701 131 t

1982 225 2235 232 -——-—

288 369 361 406 aut
389 365 674 418 colloquentes
701 367 776 404 aut
805 363 1091 404 consultantes
1120 362 1246 403 duces
1274 362 1587 404 introduxisset.
1646 378 1729 417 qua
1759 363 1821 404 illi
1850 364 2014 405 ratione
2049 378 2144 406 cum
2168 365 2253 406 alia
2279 370 2372 406 tum

286 430 331 470 id
360 435 458 470 sunt
486 429 681 479 assecuti,
725 438 774 468 ut
802 428 1098 467 historicorum
1126 428 1208 467 arti
1236 428 1474 468 liberiorem
1502 434 1546 468 et
1580 429 1882 482 expeditiorem
1916 431 2130 483 aperirent
2163 444 2370 484 campum.

286 495 399 536 hunc
439 494 600 550 primus
642 493 855 547 ingressus
895 492 1182 547 Thucydides,
1227 494 1362 534 omnis
1403 494 1475 535 ille
1519 495 1622 536 artis
1664 494 1890 536 historicae
1928 496 2100 536 unicum
2142 496 2369 551 exemplar,

289 561 509 601 historiam
543 561 598 600 ad
641 574 732 600 eam
775 560 952 600 adduxit
993 559 1312 613 perfectionem,
1356 565 1417 599 ut‘
1446 574 1524 599 nec
1566 562 1821 601 narrationis
1854 575 1932 600 nec
1971 562 2174 601 orationis
2214 575 2371 615 genere

286 626 475 666 ornatius
517 626 739 678 quicquam
787 625 920 679 possit
963 625 1153 677 cogitari.
1224 640 1322 665 nam
1365 641 1461 666 cum
1505 641 1649 666 omnes
1692 632 1791 666 ante
1834 642 1929 667 eum
1972 628 2196 680 scriptores
2238 627 2370 667 verba

290 704 331 731 et
359 690 570 732 orationes
597 691 837 746 principum
865 691 926 731 ita
953 690 1205 742 retulissent,
1237 696 1283 731 ut
1312 691 1420 732 nihil
1438 705 1516 731 nec
1535 691 1752 732 demerent
1771 706 1849 732 nec
1869 691 2085 742 adderent,
2115 692 2189 733 sed
2207 692 2371 733 sincera

285 757 380 807 fide,
411 770 517 809 quae
545 757 702 811 scripta
730 757 981 797 invenerant
1009 762 1083 796 aut
1112 756 1165 796 ab
1195 757 1288 796 aliis
1317 763 1579 811 acceperant,
1609 758 1655 796 in
1683 758 1813 797 libros
1841 758 2089 811 reciperent,
2119 758 2190 798 ille
2209 759 2370 811 primus

286 828 420 862 artem
462 822 627 862 addidit
668 822 921 862 rhetoricam
964 836 1094 874 eaque
1136 822 1298 862 ratione
1337 823 1574 876 composuit
1608 823 1835 873 orationes,
1872 829 1920 862 ut
1954 823 2023 863 vel
2058 838 2082 863 a
2117 823 2369 863 doctissimis

286 888 550 940 eloquentiae
578 888 791 941 magistris
819 887 926 927 nihil
954 887 999 927 in
1017 887 1070 927 iis
1089 887 1323 940 elegantiae
1343 888 1476 942 possit
1504 888 1743 938 desiderari,
1775 903 1852 929 nec
1872 903 1921 929 ea
1950 889 2097 933 solum,
2129 903 2235 941 quae
2255 888 2371 929 dicta

286 967 374 992 esse
403 954 637 1003 constabat,
667 954 780 993 viros
807 967 990 992 summos
1018 953 1120 993 fecit
1149 953 1345 1004 dicentes,
1376 953 1449 993 sed
1477 954 1547 993 vel
1566 968 1625 1002 ea,
1657 968 1763 1006 quae
1792 960 1891 1007 apte
1921 955 1974 994 ab
1995 955 2047 993 iis
2071 954 2155 994 dici
2183 955 2369 1009 potuisse

285 1018 366 1057 sibi
392 1024 667 1071 persuaserat,
710 1024 912 1070 tanquam
946 1018 1028 1057 fide
1061 1018 1259 1058 historiae
1289 1024 1427 1058 essent
1461 1020 1744 1072 comprobata,
1771 1020 1816 1058 in
1844 1020 2002 1073 scripta
2043 1020 2202 1059 retulit.
2259 1019 2370 1072 quod

286 1097 380 1122 cum
408 1083 520 1123 inter
548 1097 692 1123 omnes
721 1088 885 1123 constet
914 1097 963 1123 ac
990 1097 1043 1122 ne
1073 1083 1187 1137 apud
1216 1084 1399 1124 Graecos
1428 1084 1596 1136 quidem
1626 1085 1845 1137 quisquam
1874 1098 2029 1135 eorum,
2061 1086 2132 1137 qui
2160 1091 2256 1139 post
2284 1084 2369 1124 fue-

285 1155 395 1198 runt,
427 1149 686 1202 Thucydidis
706 1150 885 1189 virtutes
913 1150 1167 1202 aequaverit,
1198 1150 1291 1190 illos
1313 1151 1397 1191 iam
1418 1150 1674 1201 omittamus,
1705 1151 1900 1201 Romani,
1930 1151 2138 1204 quomodo
2158 1152 2203 1191 in
2223 1150 2369 1191 eadem

285 1220 375 1254 arte
400 1215 556 1255 versati
586 1215 681 1265 sint,
713 1216 1058 1269 contemplemur.

415 1280 548 1333 Atqui
575 1282 619 1320 hi
649 1281 828 1333 quidem,
860 1296 955 1321 cum
983 1296 1128 1333 gerere
1158 1295 1281 1333 quam
1310 1281 1491 1321 scribere
1518 1295 1583 1320 res
1604 1281 1790 1329 mallent,
1822 1287 1870 1321 ut
1890 1281 1944 1321 ad
1966 1287 2125 1321 ceteras
2154 1287 2277 1331 artes,
2308 1282 2370 1321 ita

284 1345 338 1385 ad
366 1345 586 1386 historiam
614 1361 705 1386 sero
734 1352 1010 1387 accesserunt.
1067 1361 1214 1386 verum
1242 1360 1294 1386 ne
1322 1352 1413 1386 tum
1444 1346 1629 1399 quidem,
1662 1360 1756 1385 cum
1781 1346 1971 1386 homines
1991 1347 2184 1386 nonnulli
2203 1347 2369 1386 nobiles

285 1412 596 1451 conscribendis
629 1412 835 1452 maiorum
868 1413 992 1452 rebus
1026 1427 1197 1465 operam
1232 1412 1396 1462 darent,
1435 1412 1626 1464 quamvis
1662 1412 1811 1463 ingens
1845 1413 1971 1451 turba
2000 1413 2256 1451 Graecorum
2291 1426 2369 1465 pro

284 1477 497 1529 magistris
540 1482 582 1517 et
626 1478 826 1531 exemplis
857 1491 944 1517 esse
987 1483 1144 1531 posset,
1180 1478 1289 1517 laete
1323 1477 1510 1517 effloruit
1543 1477 1718 1517 historia
1752 1478 1820 1517 vel
1848 1483 2044 1517 ornatum
2079 1478 2260 1529 aliquem
2295 1483 2370 1517 aut

284 1543 448 1597 copiam
477 1544 678 1583 sermonis
713 1548 776 1583 est
810 1548 1015 1594 assecuta;
1050 1543 1178 1583 immo
1213 1558 1287 1597 per
1319 1544 1495 1596 longum
1528 1548 1696 1597 tempus
1725 1543 1829 1583 adeo
1863 1544 1994 1583 iacuit
2029 1544 2103 1584 illa
2132 1544 2367 1598 disciplina,

283 1614 331 1647 ut
360 1609 551 1649 Ciceroni
580 1609 748 1661 quidem
777 1616 920 1648 omnes
949 1609 1138 1648 historici
1166 1609 1288 1648 latini
1316 1609 1457 1648 ieiuno
1493 1614 1536 1648 et
1571 1609 1670 1648 exili
1699 1609 1867 1648 dicendi
1900 1623 2053 1661 genere
2088 1609 2222 1662 premi
2255 1608 2369 1649 vide-

283 1678 440 1712 rentur.
516 1688 767 1726 quamquam
810 1688 896 1713 non
941 1673 1181 1724 defuerunt,
1229 1674 1297 1726 qui
1340 1674 1537 1727 operibus
1580 1674 1819 1713 orationum
1861 1673 2133 1713 multitudine
2175 1673 2368 1713 decorem

283 1739 436 1778 addere
466 1739 694 1779 studerent.
756 1740 873 1779 velut
901 1740 1122 1790 Catonem,
1158 1754 1211 1779 ne
1245 1754 1349 1792 quae
1377 1740 1423 1779 in
1450 1740 1575 1779 rebus
1610 1740 1803 1779 civilibus
1833 1746 1941 1779 esset
1969 1745 2152 1788 secutus,
2189 1740 2233 1779 in
2268 1740 2369 1779 obli·

284 1804 451 1844 vionem
480 1805 685 1856 venirent,
716 1805 926 1846 orationes
955 1820 980 1845 a
1008 1820 1052 1845 se
1080 1805 1372 1859 pronuntiatas
1401 1805 1446 1846 in
1466 1805 1678 1858 originum
1698 1805 1827 1845 libros
1846 1805 2063 1859 recepisse,
2094 1805 2186 1858 quis
2205 1805 2368 1845 nescit?

281 1885 428 1910 verum
456 1870 619 1910 duabus
646 1871 717 1911 ille
746 1871 927 1911 maxime
956 1871 1099 1911 differt
1126 1872 1250 1911 rebus
1279 1871 1331 1911 ab
1360 1871 1425 1921 iis,
1467 1871 1538 1923 qui
1581 1871 1695 1924 apud
1724 1871 1907 1911 Graecos
1943 1871 2118 1911 eandem
2163 1871 2370 1911 rationem
2430 1882 2433 1883 ’

280 1942 378 1976 sunt
407 1937 551 1988 secuti,
581 1951 680 1977 nam
710 1942 752 1978 et
780 1937 911 1992 ipsius
939 1938 1150 1977 orationes
1179 1937 1267 1977 fere
1296 1938 1405 1977 solas
1433 1937 1605 1991 recepit,
1638 1937 1755 1990 quasi
1785 1951 1885 1977 vero
1915 1951 2038 1976 nemo
2073 1937 2179 1977 alius
2215 1936 2369 1989 dignus

281 2007 404 2052 esset,
436 2003 552 2042 cuius
581 2003 711 2043 verba
753 2003 993 2057 posteritati
1035 2003 1314 2052 traderentur,
1358 2017 1437 2042 nec
1479 2003 1582 2042 satis
1611 2017 1810 2055 magnam
1845 2003 1890 2042 in
1918 2003 2058 2042 verbis
2088 2002 2297 2054 eligendis
2327 2008 2369 2041 et

282 2068 582 2121 componendis
610 2068 877 2107 collocavisse
906 2068 1075 2107 videtur
1104 2082 1261 2118 curam,
1295 2068 1396 2120 quin
1415 2068 1545 2107 etiam
1564 2068 1789 2107 inusitatas
1810 2074 1852 2107 et
1872 2082 1896 2107 a
1917 2068 2127 2106 communi
2149 2068 2370 2106 doc-torum

281 2148 358 2172 usu
393 2133 666 2173 abhorrentes
699 2148 823 2174 voces
866 2134 1039 2173 consilio
1082 2134 1255 2186 elegisse
1299 2133 1513 2186 putandus
1556 2139 1631 2173 est.
1694 2134 1836 2186 itaque
1871 2133 1905 2172 is
1934 2132 2124 2186 profecto
2154 2132 2367 2184 indignus,

281 2199 352 2252 qui
379 2213 515 2239 novae
543 2199 657 2252 apud
684 2200 899 2239 Romanos
928 2200 1031 2240 artis
1058 2199 1284 2239 haberetur
1304 2204 1451 2238 auctor
1471 2203 1514 2238 et
1545 2198 1754 2252 princeps,
1785 2213 1864 2238 nec
1884 2199 1955 2252 qui
1981 2213 2075 2238 eum
2101 2198 2236 2238 secuti
2256 2204 2368 2248 sunt,

281 2265 497 2305 annalium
524 2265 759 2318 scriptoreS,
790 2265 980 2317 quamvis
1007 2265 1212 2315 nonnulli,
1243 2271 1290 2304 ut
1318 2265 1364 2303 L.
1396 2264 1573 2313 Coelius,
1604 2269 1778 2317 propter
1812 2264 1915 2303 artis
1949 2264 2133 2304 studium
2167 2277 2253 2303 non
2287 2277 2369 2303 me-

281 2331 479 2370 diocriter
497 2330 699 2370 laudandi
723 2330 960 2379 videantur,
990 2330 1131 2369 idonei
1160 2331 1231 2382 qui
1261 2335 1503 2382 torpentem
1531 2330 1752 2368 etiamtum
1773 2336 1815 2368 et
1835 2329 2063 2368 invalidam
2084 2328 2369 2380 eloquentiam

282 2396 460 2436 latinam
488 2396 721 2435 excitarent
749 2400 792 2435 et
819 2409 977 2435 novum
1006 2395 1216 2434 scribendi
1249 2408 1385 2447 genus
1413 2394 1745 2433 introducerent.

410 2462 476 2499 Ex
506 2461 585 2499 hac
614 2461 740 2499 turba
768 2474 834 2499 res
861 2461 1076 2499 Romanas
1105 2460 1278 2499 adsidue
1308 2459 1442 2510 magis
1485 2473 1611 2510 quam
1654 2459 1924 2498 laudabiliter
1953 2456 2296 2509 componentium
2327 2464 2371 2495 et

280 2525 458 2577 gloriam
472 2525 619 2579 populi
638 2526 779 2579 potius
799 2539 924 2578 quam
939 2525 1164 2565 veritatem
1184 2524 1436 2564 sectantium
1452 2522 1570 2563 ducis
1586 2524 1746 2576 egregii
1761 2524 1895 2563 instar
1910 2522 2061 2562 enituit
2078 2522 2121 2561 C.
2139 2521 2372 2562 Sallustius

284 2591 466 2645 Crispus.
528 2591 564 2630 is
593 2605 687 2630 cum
716 2591 972 2631 Graecorum
1002 2595 1044 2630 et
1072 2590 1365 2644 philosophiae
1403 2594 1446 2629 et
1479 2589 1714 2629 rhetoricae
1745 2590 1882 2640 „ultra
1911 2588 1998 2627 fere
2032 2602 2157 2640 quam
2193 2587 2372 2627 decebat

279 2663 515 2698 senatorem
544 2663 587 2697 et
613 2657 880 2697 Romanum“
911 2656 1094 2696 dedisset
1128 2671 1316 2710 operam,
1362 2670 1445 2708 qua
1488 2661 1579 2695 erat
1622 2656 1782 2707 ingenii
1816 2654 2034 2702 facultate,
2071 2653 2369 2706 Thucydidem

280 2728 457 2774 secutus,
487 2737 583 2774 uno,
612 2728 661 2763 ut
690 2723 821 2774 aiunt,
851 2723 939 2762 ictu
966 2736 1055 2762 rem
1083 2722 1294 2775 transegit
1322 2721 1521 2775 opinione
1541 2720 1822 2761 difficiliorem
1841 2726 2067 2772 artemque,
2099 2734 2206 2772 quae
2244 2724 2369 2759 antea

280 2788 420 2829 fuerat
454 2790 584 2841 nulla,
614 2803 709 2829 cum
750 2789 907 2843 populo
937 2789 1131 2828 Romano
1173 2793 1264 2828 tum
1308 2787 1422 2827 omni
1464 2787 1721 2826 humanitati
1764 2786 1881 2839 quasi
1923 2785 2188 2839 gratificatus
2229 2792 2292 2825 est
2329 2794 2373 2825 et

280 2855 469 2907 largitus.
529 2870 780 2907 quamquam
809 2855 844 2893 is
872 2855 917 2893 in
946 2854 1206 2893 orationibus
1250 2853 1550 2905 componendis
1579 2868 1626 2892 ea
1655 2853 1835 2892 maxime
1867 2866 1913 2892 re
1947 2857 2011 2891 est
2046 2852 2227 2901 adjutus,
2258 2851 2371 2903 quod

281 2934 436 2970 omnes,
467 2935 569 2973 quos
597 2921 815 2972 loquentes
843 2919 1095 2969 introduxit,
1126 2919 1161 2958 si
1190 2933 1277 2959 non
1306 2918 1395 2971 ipse
1425 2918 1602 2967 audivit,
1634 2924 1678 2957 at
1708 2924 1831 2967 certe,
1863 2916 2072 2969 quomodo
2092 2917 2223 2957 verba
2250 2916 2369 2956 fecis-

281 2990 385 3036 sent,
407 2990 481 3025 aut
509 2986 563 3026 ab
584 2986 677 3025 aliis
705 2985 880 3040 accepit,
912 2990 985 3024 aut
1013 2998 1118 3037 quae
1138 2984 1201 3023 illi
1222 2983 1428 3032 dixerant,
1451 2983 1685 3037 perscripta
1704 2982 1908 3036 inspicere
1929 2982 2082 3035 potuit,
2113 2987 2172 3031 ut,
2204 2982 2372 3025 etiamsi

281 3052 411 3091 verba
438 3065 511 3090 suo
541 3052 711 3103 ingenio
739 3051 936 3090 videatur
963 3050 1143 3099 finxisse,
1174 3063 1262 3088 non
1290 3048 1442 3087 falsam
1472 3049 1656 3100 aliquam
1692 3055 1734 3087 et
1768 3055 1925 3087 temere
1961 3048 2246 3098 excogitatam
2281 3062 2370 3085 ora-

280 3117 443 3157 tionum
472 3122 570 3156 ante
599 3116 840 3156 habitarum
869 3116 1062 3169 speciem,
1094 3114 1165 3154 sed
1195 3114 1425 3166 imaginem
1455 3113 1711 3154 simillimam
1741 3118 1882 3167 posset
1910 3112 2078 3153 referre.

2503 966 2514 2266 ——-.———-.-———-——--—-——-

2505 2267 2514 3020 -—-—.—.-.--———-—-——--
