2831 3637
370 383 448 422 pro
469 367 739 408 iudicialibus
765 372 864 407 sunt
884 367 1169 421 accipiendae,
1201 372 1248 406 ut
1269 365 1643 406 deliberativarum
1663 365 1748 404 sint
1772 364 1974 404 dicendae
1995 364 2063 404 vel
2079 363 2239 418 optima
2256 362 2462 417 exempla.

373 434 532 474 etenim
558 433 749 486 quamvis
774 437 919 487 patres
943 446 1119 473 munere
1146 432 1334 472 iudicum
1363 430 1610 483 fungantur,
1641 430 1833 483 quamvis
1861 430 1913 470 de
1933 443 2070 483 poena
2098 422 2393 469 constituenda
2420 428 2467 468 in

372 504 594 552 utramque
623 505 790 548 partem
818 513 971 552 graves
991 498 1189 538 dicantur
1208 496 1455 546 sententiae,
1485 500 1630 536 tamen
1648 510 1727 535 nec
1746 495 2001 535 accusatoris
2022 495 2152 536 verba
2171 498 2466 549 proponuntur

371 565 629 614 acerbitatis,
645 569 693 604 ut
703 578 793 604 mos
804 569 906 614 erat,
923 563 1063 618 plena,
1080 578 1158 603 nec
1168 577 1262 603 reus
1278 576 1445 602 causam
1460 560 1603 601 dicens
1617 560 1912 611 introducitur,
1928 575 2006 600 nec
2017 560 2200 602 0111111110,
2217 559 2319 613 (111111
2332 559 2467 599 scelus

371 635 471 671 ante
492 645 588 670 eum
609 629 721 669 diem
735 629 976 670 inauditum
992 644 1041 669 80
1055 644 1213 669 novum
1228 628 1283 668 sit
1298 627 1574 677 commissum,
1592 631 1665 667 aut
1681 626 1783 679 quin
1796 626 1902 666 illud
1916 626 2051 667 scelus
2065 640 2228 666 summa
2243 625 2467 666 atrocitate

371 696 428 737 sit
441 695 716 751 puniendum,
734 710 759 736 a
775 709 986 749 quoquam
1002 694 1233 736 dubitatur.
1269 694 1409 746 itaque
1426 707 1521 733 cum
1537 707 1614 733 nec
1629 707 1699 733 reo
1715 692 1779 733 sui
1795 691 2008 747 purgandi
2022 692 2077 733 sit
2093 691 2256 733 occasio
2272 691 2373 732 data
2389 705 2467 732 nec

375 763 509 802 ullum
529 762 772 802 inveniatur
791 761 940 801 iudicii
959 762 1145 814 signum,
1170 761 1262 814 quis
1282 759 1482 799 iudicium
1502 758 1609 798 illud
1628 767 1779 799 vocare
1800 759 2025 798 sustinebit
2045 773 2094 798 ac
2113 772 2200 798 non
2217 766 2389 812 patrum
2415 757 2467 797 de

375 829 596 869 hominum
629 828 1022 868 scelestissimorum
1065 842 1204 881 poena
1246 826 1619 866 deliberationem?
1687 830 1732 865 at
1775 824 1888 878 apud
1925 824 2096 865 Livium
2138 823 2380 877 saepissime
2424 838 2468 863 se

373 894 581 935 offerebat
610 893 775 935 occasio
805 893 1047 935 orationum
1075 892 1347 933 iudicialium.
1405 896 1566 941 tamen,
1597 891 1640 931 id
1670 890 1783 944 quod
1812 891 1897 931 iam
1916 905 2043 944 supra
2070 889 2463 939 demonstravimUS,

373 974 469 999 cum
498 974 549 998 ex
578 958 883 1011 antiquissimis
911 958 1173 1011 temporibus
1201 972 1266 996 res
1295 961 1415 995 erant
1444 957 1712 1009 repetendae,
1744 957 1855 996 elato
1882 955 2051 995 dicendi
2069 969 2223 1008 genere
2247 954 2468 1007 longisque

375 1023 640 1065 orationibus
682 1023 906 1074 abstinuit;
952 1023 1070 1063 velut
1113 1037 1219 1075 quae
1248 1022 1298 1061 de
1327 1022 1506 1061 Horatio
1550 1021 1701 1061 iuvene
1744 1021 1858 1075 apud
1900 1035 2044 1074 regem
2072 1020 2243 1060 Tullum
2278 1019 2467 1072 quaestio

371 1089 563 1138 habetur,
594 1089 859 1142 paucissimis
889 1088 1141 1139 transigitur
1168 1087 1317 1134 verbis,
1349 1087 1467 1125 nulla
1495 1086 1582 1125 fere
1612 1086 1804 1126 adhibita
1833 1086 2011 1126 oratoris
2040 1092 2148 1136 arte,
2185 1086 2330 1139 paullo
2365 1098 2467 1124 vero

374 1159 482 1206 post,
514 1167 610 1193 cum
639 1152 783 1206 Appio
803 1153 980 1193 Claudio
1011 1167 1136 1192 causa
1166 1157 1228 1192 est
1258 1151 1446 1200 dicenda,
1478 1165 1556 1190 nec
1585 1151 1797 1192 accusatio
1826 1151 1943 1191 deest
1968 1151 2148 1203 Vergini
2175 1165 2253 1190 nec
2279 1149 2468 1190 defensio

376 1218 494 1272 Appi
523 1223 757 1271 ceteraque,
790 1232 897 1270 quae
925 1218 971 1257 in
999 1209 1155 1257 iudicio
1186 1216 1255 1268 agi
1283 1216 1431 1256 solent.
1491 1230 1569 1256 nec
1598 1220 1741 1256 tamen
1770 1216 1884 1256 omni
1926 1216 2143 1256 occasione
2178 1215 2281 1256 artis
2314 1215 2360 1255 in
2389 1214 2469 1255 hoc

375 1297 531 1337 genere
552 1283 908 1323 demonstrandae
924 1282 1071 1322 Livius
1092 1282 1155 1322 uti
1174 1282 1326 1331 voluit3
1357 1281 1475 1321 velut
1492 1281 1536 1320 in
1553 1281 1661 1320 libro
1678 1282 1727 1331 V,
1746 1296 1779 1321 c.
1796 1283 1860 1321 32.
1878 1295 1973 1321 011111
1989 1282 2077 1321 (1108
2100 1282 2279 1321 Camillo
2295 1285 2469 1335 propter

374 1349 578 1402 praedam
597 1349 881 1389 Veientanam
911 1348 1076 1397 dicitur,
1108 1362 1185 1386 nec
1214 1348 1468 1387 accusatoris
1497 1362 1574 1387 nec
1597 1348 1657 1387 rei
1676 1348 1909 1388 orationem
1930 1347 2108 1397 effinxit,
2139 1361 2287 1387 verum
2307 1347 2468 1386 indicta

376 1428 503 1454 causa
532 1414 759 1454 Camillum
787 1414 900 1453 ultro
930 1413 975 1452 in
1004 1412 1177 1452 exilium
1206 1411 1355 1452 abiisse
1392 1417 1556 1462 narrat,
1578 1462 1582 1465 ι
1601 1412 1798 1452 1111111111111
1841 1412 1938 1465 (11118
1974 1412 2197 1465 indignum
2231 1411 2466 1460 videbatur,

377 1484 548 1518 tantum
576 1479 717 1518 virum
746 1479 859 1531 apud
901 1478 1105 1531 populum
1150 1491 1317 1516 causam
1360 1477 1511 1516 dicere.
1577 1483 1623 1516 at
1657 1491 1756 1517 vero
1785 1478 1841 1516 M.
1871 1478 2079 1519 Manlium
2108 1478 2395 1531 Capitolinum
2423 1476 2468 1514 111

377 1543 608 1583 certamine
652 1543 803 1596 capitis
847 1556 1017 1582 causam
1059 1546 1266 1590 orantem,
1312 1541 1554 1581 Cornelium
1585 1543 1758 1582 Cossum
1794 1547 2062 1582 accusantem
2091 1543 2282 1582 audimus
2312 1541 2401 1592 (VI.
2432 1555 2466 1580 c.

379 1607 570 1658 14-20),
601 1622 856 1660 quamquam
898 1622 951 1647 ne
994 1612 1086 1646 tum
1130 1606 1299 1659 quidem
1341 1606 1490 1659 longas
1534 1606 1687 1646 habere
1731 1606 1950 1660 finguntur
1984 1607 2212 1657 orationes,
2254 1606 2326 1646 sed
2362 1620 2468 1658 quae

377 1673 533 1713 dixisse
552 1673 734 1727 putandi
759 1679 869 1722 sunt,
902 1686 950 1712 ea
967 1671 1148 1711 strictim
1169 1677 1484 1725 percurruntur,
1516 1673 1584 1712 vel
1606 1672 1775 1725 obliqua
1796 1672 1987 1713 adhibita
2008 1673 2196 1713 oratione
2217 1671 2468 1711 referuntur.

377 1739 539 1779 scilicet
569 1753 665 1778 cum
693 1738 973 1790 intellegeret,
1004 1737 1221 1777 insolitam
1251 1742 1293 1776 et
1322 1742 1421 1777 ante
1450 1752 1537 1777 non
1556 1743 1794 1790 susceptam
1814 1753 1857 1778 se
1877 1753 2001 1790 agere
2020 1752 2120 1787 rem,
2151 1736 2261 1789 quod
2280 1736 2325 1776 in
2344 1751 2469 1790 opere

379 1804 580 1845 histerico
610 1802 799 1843 iudiciali
827 1807 1019 1843 uteretur
1046 1815 1214 1855 genere,
1245 1801 1553 1856 pedetemptim
1583 1803 1701 1855 quasi
1721 1802 2001 1856 progreditur,
2032 1816 2084 1842 ne
2112 1801 2252 1842 taedio
2280 1801 2469 1856 legentes

384 1869 649 1909 adficiantur.
708 1868 868 1907 veritus
890 1868 1030 1916 etiam,
1061 1882 1114 1906 ne
1132 1867 1263 1906 animi
1278 1867 1513 1919 legentium
1533 1868 1658 1907 nimis
1678 1868 1821 1907 multis
1842 1868 2099 1908 orationibus
2120 1866 2467 1919 defatigarentur,

381 1934 506 1974 modo
549 1933 740 1974 oratione
788 1932 999 1972 indirecta
1046 1932 1274 1985 paucisque
1317 1932 1458 1972 verbis
1488 1947 1598 1982 usus,
1643 1948 1748 1986 quae
1798 1938 2013 1981 accusator
2055 1933 2123 1973 vel
2165 1947 2259 1973 reus
2302 1932 2467 1982 dixerit,

379 1999 592 2053 proponit,
623 1998 748 2038 modo
778 2012 885 2050 quae
914 1998 959 2037 in
985 1997 1141 2037 iudicio
1171 1997 1325 2037 dixisse
1355 1997 1538 2051 putandi
1568 1998 1665 2047 sint,
1697 2013 1745 2038 ea
1766 1998 1848 2039 8110
1869 1998 2048 2051 (111οᾱ8111
2067 1998 2158 2037 1000
2179 1997 2347 2037 eosdem
2365 1997 2470 2038 facit

381 2064 629 2114 referenteS,
675 2063 793 2104 velut
823 2063 868 2102 in
903 2062 1099 2104 contione
1134 2062 1247 2117 apud
1276 2062 1464 2117 plebem,
1499 2063 1597 2116 quia
1627 2063 1827 2103 audacior
1854 2063 1988 2103 multo
2016 2067 2059 2102 et
2088 2062 2379 2103 vehementior
2407 2068 2470 2104 est

381 2130 523 2170 contio
552 2143 678 2182 quam
722 2142 943 2168 causarum
974 2129 1117 2177 dictio,
1163 2128 1342 2180 denique
1370 2133 1495 2168 tanta
1524 2133 1614 2167 arte
1657 2134 1699 2167 et
1741 2129 1944 2168 varietate
1973 2128 2018 2166 111
2056 2128 2136 2167 1100
2178 2133 2269 2167 toto
2312 2142 2467 2180 genere

380 2199 586 2245 versatur,
615 2199 664 2234 ut
692 2194 894 2247 languere
924 2193 1054 2233 animi
1088 2193 1205 2233 nullo
1234 2193 1359 2234 modo
1395 2192 1571 2247 possint.
1610 2215 1661 2221 —
1697 2208 1746 2234 ac
1787 2208 1840 2233 ne
1884 2193 2039 2233 multus
2081 2193 2160 2232 sim
2203 2193 2248 2233 in
2288 2193 2467 2246 singulis

383 2261 518 2307 causis
558 2260 813 2314 capitalibus
846 2258 1162 2313 percensendis,
1206 2258 1406 2311 quoniam
1448 2258 1735 2299 introductum
1765 2273 1853 2298 esse
1881 2258 2077 2299 iudiciale
2104 2272 2238 2311 genus
2272 2259 2317 2298 in
2342 2259 2469 2299 histo-

381 2327 489 2367 riam
518 2340 544 2366 a
571 2325 696 2366 Livio
725 2330 862 2379 patet,
908 2325 1011 2364 satis
1047 2324 1125 2374 sit,
1161 2324 1207 2363 in
1240 2325 1487 2364 memoriam
1521 2338 1736 2365 revocasse
1771 2339 1821 2363 ex
1855 2324 1962 2364 libro
1995 2325 2149 2364 XXVI
2181 2325 2233 2364 de
2267 2325 2467 2365 Marcello

382 2397 425 2432 et
470 2392 625 2431 Flacco
667 2382 815 2444 populi
856 2390 1032 2439 iudicia,
1078 2405 1129 2429 ex
1171 2389 1281 2429 libro
1314 2389 1475 2429 XXIX
1517 2389 1563 2429 in
1596 2388 1890 2429 Plemminium
1931 2389 2225 2430 vehementem
2267 2390 2385 2430 illam
2428 2395 2471 2430 et

383 2456 702 2498 lamentabilem
731 2456 1059 2505 accusationem,
1091 2470 1143 2495 ex
1172 2455 1281 2495 libro
1310 2454 1557 2495 XXXVIII
1595 2454 1755 2503 Manli,
1798 2454 2171 2508 Gallograecorum
2203 2455 2390 2505 victorie,
2428 2461 2471 2496 et

382 2521 695 2563 accusationem
724 2526 767 2561 et
796 2520 1097 2571 defensionem,
1127 2521 1232 2560 item
1259 2520 1407 2560 eodem
1428 2520 1520 2561 loco
1545 2521 1592 2559 P.
1621 2519 1786 2559 Corneli
1816 2520 2025 2573 Scipionis
2054 2520 2259 2571 Africani,
2291 2521 2386 2561 alia.
2416 2543 2470 2548 —-

513 2586 656 2639 Atque
679 2586 784 2626 haec
809 2586 978 2639 quidem
1003 2586 1209 2626 hactenus
1228 2585 1280 2625 de
1309 2585 1548 2625 orationum
1566 2598 1734 2637 genere3
1765 2584 1982 2624 videamus
2003 2599 2129 2635 nunc,
2159 2600 2261 2625 num
2280 2586 2472 2626 homines

386 2651 519 2692 verba
546 2651 750 2691 facientes
779 2650 893 2705 apud
921 2650 1093 2690 Livium
1121 2650 1227 2690 tales
1256 2650 1552 2704 depingantur,
1584 2648 1725 2701 quales
1753 2662 1797 2689 re
1831 2663 1931 2690 vera
1959 2649 2087 2690 fuisse
2116 2650 2354 2691 traduntur.
2412 2655 2473 2690 at-

384 2731 465 2770 que
493 2717 574 2757 hoc
601 2717 694 2757 loco
723 2716 769 2756 id
797 2716 979 2756 maxime
1009 2720 1073 2756 est
1102 2715 1469 2764 considerandum,
1499 2713 1590 2754 fieri
1623 2714 1794 2755 0111111110
1828 2729 1915 2755 11011
1949 2716 2152 2769 potuisse,
2183 2721 2231 2756 ut
2259 2717 2305 2756 in
2333 2716 2473 2770 prima

384 2782 523 2836 operis
548 2782 719 2822 Liviani
748 2781 906 2822 decade
935 2782 1123 2822 virorum
1151 2780 1325 2821 fortium
1354 2794 1403 2820 80
1431 2778 1669 2833 principum
1698 2779 1752 2819 ad
1771 2779 1905 2820 vitam
1924 2781 2230 2834 veritatemque
2251 2795 2471 2835 expressae

382 2847 590 2901 imagines
620 2846 937 2901 effingerentur.
995 2846 1088 2900 (11118
1117 2845 1229 2886 0111111
1258 2844 1406 2898 quibus
1435 2844 1496 2884 illi
1526 2844 1724 2895 moribus,
1755 2859 1837 2899 quo
1863 2846 2046 2899 ingenio,
2077 2860 2159 2900 qua
2179 2847 2348 2888 dicendi
2367 2851 2471 2896 arte,

384 2928 468 2966 qua
495 2913 691 2953 doctrina
723 2913 920 2962 fuissent,
956 2913 1019 2952 ita
1047 2911 1271 2951 memoriae
1311 2910 1451 2964 potuit
1483 2909 1665 2959 tradere,
1710 2916 1758 2950 ut
1792 2912 2029 2951 accuratius
2063 2912 2306 2965 inspicienti
2345 2913 2473 2953 fidem

382 2978 569 3019 faceret?
603 2992 670 3018 res
698 2983 840 3031 gestas
869 2977 1018 3032 populi
1044 2975 1227 3017 Romani
1252 2975 1415 3028 antiqui
1448 2975 1512 3014 illi
1538 2976 1873 3026 conscribebant,
1897 2970 2091 3017 'virorum
2116 2977 2291 3018 fortium
2317 2992 2475 3032 magna

382 3043 501 3085 facta
527 3043 841 3083 immortalitati
870 3042 1190 3093 consecrabant;
1220 3041 1405 3095 ipsorum
1435 3039 1653 3080 hominum
1681 3040 1852 3094 ingenia
1897 3041 2004 3082 nihil
2045 3041 2133 3083 fere
2177 3043 2472 3097 respiciebant.

385 3108 499 3162 quod
533 3122 630 3150 cum
668 3107 729 3148 ita
763 3107 875 3147 inter
908 3120 1052 3148 omnes
1088 3111 1268 3155 constet,
1305 3109 1351 3144 ut
1385 3105 1597 3145 dubitatio
1632 3107 1779 3159 procul
1813 3107 1940 3157 absit,
1982 3107 2068 3147 iam
2107 3108 2388 3161 intellegitur,
2426 3109 2473 3157 si,
